3625 5775
309 517 351 579 92
714 511 895 581 Euangeiiunr
914 510 1064 566 secundnm
1084 511 1233 566 Lucanum.
1535 512 1564 565 G.
1584 518 1607 566 8.

306 729 393 803 runt,
417 728 451 788 et
472 722 558 788 faeta
580 737 631 788 est
652 722 871 804 tranquillitas
894 739 1018 803 magna.
1046 723 1099 789 25.
1124 723 1213 786 Dixit
1235 725 1342 786 auteur
1364 720 1446 786 illis:
1473 721 1534 786 Ubi
1558 729 1609 788 est

307 826 387 894 iides
410 828 546 894 uestra?
583 827 627 893 Et
649 827 800 893 timentes
823 824 928 892 mirati
953 832 1028 892 sunt
1051 827 1091 891 ad
1115 827 1251 891 inuicem
1274 825 1436 892 dieentes:
1460 827 1532 907 quis
1554 831 1606 891 est

307 932 372 1010 hio,
394 931 480 1014 quud
503 933 582 996 mari
605 939 639 997 et
662 933 768 998 uentis
790 931 937 1012 imperat,
969 937 1002 997 et
1025 932 1178 997 obediunt
1204 931 1337 1012 irnperio
1360 931 1453 996 eius?
1488 931 1540 995 26.
1565 929 1608 994 Et

307 1037 542 1118 nauigauernut
565 1037 605 1100 ud
630 1038 791 1117 regionem
824 1036 1069 1117 Gerasenorum,
1101 1039 1255 1118 quaeest
1286 1041 1396 1102 cuntm
1419 1035 1606 1100 Galilaeara.

309 1144 359 1207 at.
384 1141 426 1206 Et
449 1160 519 1206 eum
542 1159 694 1223 egressus
715 1146 803 1206 esset
826 1141 867 1204 ad
889 1148 1020 1218 terram,
1044 1141 1182 1207 occurrit
1205 1140 1251 1205 ιιιι
1275 1141 1326 1206 uir
1350 1138 1476 1221 quidam
1501 1141 1540 1205 de
1564 1139 1607 1202 ei·

307 1247 485 1312 nitate...
509 1245 647 1312 babebat
669 1246 869 1312 daemonium
892 1246 1091 1326 temporibus
1114 1246 1223 1311 mnitis
1247 1251 1280 1310 et
1303 1245 1528 1310 uestimentum
1545 1262 1606 1310 non

306 1350 502 1416 induebatur
534 1370 640 1432 neque
669 1351 702 1416 in
726 1351 819 1416 domu
840 1350 999 1430 manebat,
1031 1349 1088 1414 sed
1119 1349 1152 1414 in
1183 1351 1405 1414 monumentis.
1440 1351 1492 1416 28.
1516 1348 1550 1415 Is
1573 1353 1609 1414 ut

308 1457 391 1521 uidit
410 1454 533 1538 iesum,
548 1455 687 1538 procidit
709 1461 784 1521 ante
807 1454 895 1520 ilium
919 1459 952 1519 et
975 1455 1155 1520 exclamans
1175 1472 1255 1519 noae
1270 1471 1384 1536 magna
1400 1454 1497 1519 dixit:
1522 1452 1607 1529 Quid

305 1560 383 1626 mihi
414 1565 448 1626 et
471 1561 530 1625 tibi
552 1560 630 1627 Jesu
662 1560 708 1625 iili
731 1559 783 1624 dei
814 1559 988 1624 altissimi?
1018 1559 1214 1638 obsecrate,
1239 1577 1278 1624 ue
1295 1577 1344 1622 me
1367 1564 1530 1640 torqueas.
1554 1558 1605 1622 ⁶29.

306 1665 527 1747 Praecipiebat
552 1667 635 1730 enirn
660 1663 788 1746 spiritui
809 1663 983 1742 immundo,
1001 1673 1036 1730 ut
1057 1667 1161 1730 exiret
1176 1663 1217 1728 ab
1232 1662 1369 1729 hunnine.
1394 1662 1505 1728 Multis
1521 1663 1606 1726 enirn

307 1769 506 1851 temporibus
524 1775 654 1851 ruperat
671 1769 770 1846 ilium,
786 1787 860 1833 nam
876 1771 1004 1834 uinctus
1020 1769 1142 1834 eatenis
1164 1775 1198 1834 et
1220 1767 1425 1850 compedibus
1448 1765 1605 1833 eurmdie-

306 1874 401 1938 batur
433 1879 466 1938 et
495 1874 596 1955 ruptis
626 1873 764 1939 uinculis
800 1874 956 1956 agebatur·
987 1893 1006 1938 a
1036 1874 1203 1939 daemonio
1231 1875 1264 1938 in
1294 1872 1363 1938 loca
1393 1871 1529 1940 deserta.
1553 1873 1606 1938 30.

309 1978 527 2070 Interrogauit
549 1983 655 2044 autem
679 1978 769 2044 illurn
790 1978 904 2044 Jesus:
929 1977 1020 2056 Quod
1044 1979 1101 2042 tibi
1126 1997 1240 2044 numen
1264 1984 1338 2044 est?
1362 1979 1410 2044 Ad
1428 1978 1485 2044 ilie
1507 1977 1604 2042 dixit:

307 2083 415 2166 Legio,
429 2085 504 2164 quia
517 2084 609 2149 multi
626 2102 744 2149 sumus.
767 2083 820 2150 31.
844 2083 888 2148 Et
902 2084 1058 2165 rogabant
1072 2084 1172 2163 ilium,
1186 2103 1226 2148 ne
1242 2084 1414 2167 imperaret
1428 2082 1504 2160 iliis,
1520 2087 1558 2148 ιιι
1572 2083 1605 2148 iu

308 2187 457 2269 abyssum
481 2191 574 2254 irent.
604 2190 657 2254 32.
679 2187 760 2253 Erat
781 2194 889 2253 autem
912 2188 957 2253 ibi
989 2207 1065 2270 grex
1090 2207 1255 2270 porrorum
1279 2189 1450 2254 multorum
1475 2205 1605 2271 pascen-

306 2292 394 2372 tium,
429 2300 463 2359 et
491 2299 686 2375 rogauerunt
715 2293 815 2372 ilium,
844 2299 883 2358 ut
914 2293 946 2358 in
979 2293 1052 2358 iilos
1081 2295 1180 2372 irent;
1212 2300 1245 2358 et
1275 2295 1420 2377 permisit
1444 2294 1517 2358 iliis.
1552 2294 1604 2360 33.

307 2397 464 2463 Exierunt
485 2416 562 2479 ergo
585 2397 752 2464 daemonia
774 2397 814 2462 ab
837 2397 963 2463 homine
978 2405 1010 2462 et
1028 2399 1229 2463 intrauerunt
1245 2397 1278 2462 in
1295 2416 1419 2480 porcos,
1436 2403 1470 2463 et
1484 2399 1604 2479 impetu

308 2502 387 2567 abiit
409 2521 487 2584 grex
517 2521 576 2585 per
606 2521 758 2585 praeceps
787 2503 821 2568 in
850 2509 997 2585 stagnum
1021 2506 1054 2567 et
1076 2501 1228 2568 suffocati
1253 2507 1336 2568 sunt.
1371 2504 1422 2568 34.
1448 2502 1604 2569 Uideutes

306 2613 424 2690 autem,
448 2607 501 2687 qui
531 2607 715 2691 pascebant,
744 2608 832 2689 qubd
855 2605 974 2674 facturn
1000 2613 1061 2686 est,
1088 2605 1240 2688 sugerunt
1262 2615 1297 2672 et
1318 2609 1549 2673 nuntiauerant
1572 2608 1604 2672 in

306 2712 471 2776 ciuitatem
493 2716 526 2776 et
548 2711 579 2777 iu
606 2712 709 2779 uittas.
734 2715 786 2780 35.
811 2711 970 2778 Exierunt
992 2719 1099 2778 autern
1123 2713 1244 2791 uidere,
1268 2713 1353 2793 quod
1375 2712 1557 2778 factumest
1572 2719 1605 2777 et

306 2820 465 2882 uenerunt
486 2816 527 2881 ad
550 2816 661 2884 Jesum
684 2822 717 2882 et
739 2819 934 2883 inuenerunt
956 2815 1114 2884 hominem
1128 2817 1302 2897 sedentem,
1322 2835 1419 2900 aquo
1436 2818 1603 2883 daemonia

306 2922 459 3005 exierant,
484 2924 636 2988 rrestitum
651 2940 689 2987 aa
709 2940 806 2987 sanae
822 2923 938 2987 mentis
961 2923 1002 2986 ad
1026 2922 1125 3002 pedes
1148 2923 1218 2986 eiua
1240 2928 1274 2986 et
1294 2923 1470 2987 timuerunt
1485 2920 1604 2987 ualde?

305 3030 357 3094 36.
381 3026 621 3092 Nuntiauerunt
642 3032 750 3093 autem
773 3026 830 3109 ilii,
854 3032 908 3108 qui
934 3026 1089 3107 uiderant,
1112 3027 1269 3108 quomodo
1292 3028 1401 3091 saluus
1422 3026 1527 3092 faetus
1542 3031 1601 3107 est,

305 3132 359 3213 qui
390 3131 558 3196 daemonia
580 3132 768 3197 uexabatur.
802 3133 853 3197 37.
879 3130 923 3196 Et
956 3138 1149 3213 rogauerunt
1172 3130 1260 3197 iilum
1295 3130 1397 3196 omnis
1429 3130 1604 3196 multitudo

305 3236 446 3318 regionis
480 3236 726 3315 Gerasenorum,
750 3241 786 3300 ut
819 3235 1003 3301 diseederet
1035 3237 1075 3301 ab
1110 3236 1199 3318 ipsis,
1234 3238 1309 3318 quia
1342 3240 1456 3303 timore
1490 3254 1603 3319 magno

304 3342 504 3407 tenebantur.
529 3340 603 3422 Ipse
625 3348 729 3407 autem
754 3341 931 3408 ascendens
947 3360 1072 3421 nauem,
1088 3359 1238 3407 reuersus
1254 3348 1312 3407 est.
1336 3344 1388 3408 38.
1412 3342 1455 3407 Et
1470 3343 1604 3422 rogabat

307 3446 395 3511 ilium
413 3447 475 3525 uir,
498 3464 595 3527 aquo
616 3444 783 3511 daemonia
806 3445 962 3528 exierant,
986 3451 1022 3510 ιιι
1045 3465 1116 3511 oum
1140 3448 1327 3529 ipsaemet,
1353 3448 1475 3511 dimisit
1495 3450 1601 3510 autem

304 3551 394 3615 iilum
419 3551 545 3616 dicens:
581 3550 632 3616 39.
657 3550 736 3615 Redi
762 3551 889 3616 domurn
913 3554 946 3614 et
968 3567 1074 3629 narra,
1089 3556 1207 3631 quanta
1229 3552 1287 3616 tibi
1309 3550 1456 3616 dominus
1478 3548 1601 3614 feeerit.

306 3654 347 3720 Et
370 3654 449 3719 abiit
473 3673 532 3737 per
555 3656 735 3721 uniuersam
758 3654 935 3737 ciuitatem,
966 3656 1155 3737 praedicans
1179 3663 1300 3738 quanta
1323 3654 1420 3721 iesus
1443 3654 1521 3720 feeit
1544 3652 1602 3719 ιιιι.

306 3759 348 3823 to
380 3759 513 3826 Factum
536 3763 588 3827 est
603 3765 717 3840 autem,
742 3780 813 3825 eum
829 3761 969 3825 redisset
991 3760 1098 3839 Jesus,
1123 3763 1250 3843 excepit
1272 3760 1360 3825 iilum
1376 3758 1485 3837 turba;
1509 3764 1603 3823 arant

304 3867 388 3929 enim
411 3882 521 3931 omnes
536 3871 742 3948 expectantes
758 3865 858 3931 iilum.
880 3867 934 3929 4ι.
958 3865 1002 3930 Et
1017 3883 1091 3930 eece
1107 3867 1196 3931 uenit
1210 3867 1271 3946 uir,
1295 3865 1347 3930 aui
1363 3882 1474 3928 nomen
1486 3862 1602 3944 Iairus,

305 3969 429 4051 etipse
451 3970 600 4051 princeps
623 3988 805 4053 synagogae
828 3976 908 4046 erat,
933 3976 966 4035 et
988 3971 1103 4036 cecidit
1117 3974 1156 4036 ad
1181 3972 1279 4053 pedes
1294 3970 1372 4035 Jesu
1390 3986 1504 4050 rogans
1519 3986 1601 4043 eum,

305 4078 341 4138 ut
356 4074 491 4139 intraret
506 4076 537 4139 iu
554 4074 682 4139 domum
698 4076 779 4140 eius.
802 4077 855 4140 42.
880 4076 930 4154 Qu
948 4128 954 4140 .
973 4128 980 4141 .
998 4126 1005 4141 .
1030 4077 1125 4142 uniea
1143 4082 1214 4142 erat
1231 4128 1237 4140 .
1255 4125 1263 4140 .
1282 4128 1288 4139 .
1314 4076 1334 4139 ιι
1359 4076 1426 4139 iere
1448 4091 1603 4139 annorum

304 4178 382 4258 xla,
405 4184 438 4243 et
460 4178 538 4244 haee
560 4175 776 4261 moriebatur;
799 4185 833 4243 et
856 4181 999 4264 contigit,
1018 4179 1090 4244 dum
1107 4180 1171 4245 iret
1193 4179 1299 4253 Jesus,
1325 4179 1510 4261 praemebat
1529 4196 1601 4243 eum

303 4284 451 4367 populus.
473 4286 526 4350 43.
550 4284 594 4349 Ει
615 4283 731 4349 ιιιιιιι
754 4283 909 4365 quaedam
925 4289 996 4349 erat
1018 4284 1050 4349 in
1072 4283 1158 4349 fluxu
1174 4268 1338 4366 sanguinis
1354 4284 1394 4349 ab
1409 4285 1500 4349 annis
1516 4282 1602 4363 xta,

305 4404 387 4469 quae
410 4385 443 4452 iu
466 4387 607 4453 medicos
641 4396 831 4472 eroganerat
873 4408 997 4455 omnem
1021 4390 1231 4455 substantiam
1261 4408 1359 4471 suam,
1390 4408 1449 4455 nee
1472 4388 1512 4454 ab
1535 4388 1602 4454 uilo

300 4492 406 4575 potuit
427 4494 542 4571 curari,
574 4496 627 4560 44.
650 4496 787 4561 arcessit
817 4500 906 4560 retro
938 4500 971 4559 et
994 4495 1102 4576 tetigit
1118 4496 1304 4561 aestimanti
1327 4497 1398 4560 eius
1431 4493 1599 4577 fimbriam,

305 4602 337 4662 et
359 4596 526 4663 confestim
549 4600 641 4663 stetit
662 4596 767 4664 finnus
790 4600 955 4681 sanguinis
977 4598 1057 4665 eius.
1091 4602 1144 4666 45.
1169 4602 1212 4666 Et
1234 4602 1280 4665 ait
1301 4598 1415 4665 iesus:
1441 4600 1519 4677 Quis
1540 4606 1601 4683 est,

305 4702 358 4783 qui
384 4722 432 4767 me
449 4704 580 4784 tetigit?
614 4703 814 4786 Negantibus
837 4710 944 4770 autem
966 4704 1114 4770 omnibus
1138 4707 1219 4770 dixit
1242 4706 1357 4772 Petrus
1388 4712 1421 4773 et
1450 4706 1505 4787 qui
1528 4725 1601 4773 eum

305 4806 361 4875 illo
384 4812 488 4875 erant:
515 4808 718 4891 Praeceptor,
749 4810 863 4875 turbae
894 4816 927 4875 te
950 4810 1162 4893 comprimunt
1188 4817 1253 4876 tarn
1280 4830 1421 4893 magnae,
1445 4816 1479 4877 et
1500 4810 1600 4879 diois:
