3625 5775
175 469 203 524 c.
222 474 245 525 l.
566 469 747 538 Euangelium
766 470 916 526 secundum
936 469 1069 524 Marcum.
1411 472 1471 536 129

176 683 319 764 bortrinis,
354 683 438 763 quod
462 683 561 746 intrat
590 683 622 746 in
657 699 741 764 eum,
776 683 860 761 quod
892 683 996 762 possit
1029 682 1118 746 illurn
1151 682 1376 761 coinquinare;
1414 682 1470 746 sed

174 805 251 867 quae
273 787 314 850 de
337 787 463 853 homine
493 785 748 867 proficiscuntur,
772 786 827 851 illa
857 792 942 864 sunt,
963 805 1043 867 quae
1069 786 1277 866 coinquinant
1298 784 1468 851 hominem.

176 893 221 954 16.
245 892 278 956 si
302 891 375 972 quia
399 890 495 955 habet
517 908 614 954 aures
636 890 799 963 audiendi,
834 890 954 954 audiat.
995 892 1040 955 17.
1077 890 1213 954 Etcum
1248 891 1413 956 introisset
1437 893 1470 954 in

173 996 295 1060 domum
318 1015 338 1058 a
360 994 465 1071 turba,
501 995 739 1074 interrogabaut
761 1013 833 1058 erun
857 995 1005 1075 discipuli
1029 994 1098 1059 eius
1121 993 1315 1074 parabolam.
1354 995 1402 1059 18.
1426 995 1469 1058 Et

171 1101 216 1164 ait
238 1099 321 1164 illis:
357 1099 404 1164 sie
427 1104 460 1162 et
483 1117 541 1163 uos
564 1098 783 1179 imprudentes
805 1099 910 1163 estis?
946 1099 1015 1163 Non
1039 1097 1234 1178 intellegitis,
1269 1099 1352 1178 quod
1377 1116 1468 1164 omne
1498 1089 1499 1092 ’

170 1204 367 1269 extrinsecus
399 1204 552 1267 introiens
588 1203 622 1266 in
655 1203 813 1267 hominem
844 1222 906 1267 non
930 1208 1037 1284 potest
1067 1221 1139 1268 eum
1163 1203 1387 1283 coinquinare3
1414 1205 1463 1266 19.

170 1330 226 1374 nnec
249 1309 334 1372 enim
358 1309 484 1373 introiit
516 1309 548 1371 io
573 1325 628 1372 cor
651 1310 731 1388 eius,
763 1308 820 1372 sed
845 1310 876 1371 in
901 1312 1045 1372 uentrem
1079 1314 1112 1373 et
1135 1309 1167 1372 iu
1190 1325 1350 1372 secessum
1376 1308 1465 1386 exiit,

168 1431 308 1494 purgans
331 1431 441 1476 omues
465 1431 564 1476 escas.
596 1413 647 1476 20.
674 1411 809 1476 Dicebat
838 1418 954 1485 autern,
990 1415 1137 1494 quoniam
1173 1431 1254 1495 quae
1278 1413 1317 1476 de
1340 1411 1467 1476 hunnine

167 1524 296 1599 exeunt,
321 1518 376 1581 illa
406 1516 642 1581 communicant
672 1517 838 1581 hominem.
865 1520 914 1581 21.
940 1518 985 1582 Ac
1008 1517 1094 1582 intus
1118 1517 1201 1580 enim
1226 1517 1266 1580 de
1290 1515 1385 1580 corde
1409 1515 1465 1578 ho-

166 1624 286 1687 minum
317 1622 526 1702 cogitationes
554 1623 656 1686 malae
688 1622 872 1702 procedunt,
910 1621 1078 1700 adulteria,
1113 1623 1163 1686 22.
1200 1621 1294 1693 forta,
1330 1619 1465 1684 fornica-

165 1729 282 1800 tiones,
306 1726 489 1808 homicidia,
514 1727 662 1802 auaritia,
686 1727 838 1806 nequitia,
862 1726 966 1804 dolus,
990 1727 1200 1807 impudicitia,
1224 1725 1334 1790 oculus
1351 1715 1462 1800 mulne,

163 1830 393 1912 blasphemiae,
424 1831 583 1911 superbia,
614 1832 763 1896 stultitia.
795 1833 846 1896 23.
870 1829 984 1896 Omnia
1014 1830 1093 1896 hoec
1117 1831 1199 1894 mala
1222 1831 1261 1893 ab
1285 1831 1370 1894 intus
1394 1847 1464 1909 pro-

163 1936 283 2001 cedunt
316 1943 351 1999 et
374 1937 607 2001 communicant
640 1935 808 2000 hominem.
843 1937 895 2002 24.
933 1935 976 2000 Et
1011 1954 1167 2016 exurgens
1202 1934 1283 2000 abiit
1315 1935 1348 1999 in
1382 1931 1461 1998 fines

162 2040 250 2122 Tyrii
275 2047 308 2104 et
331 2042 494 2121 ingressus
519 2041 655 2120 donnum,
679 2042 838 2106 neminem
860 2041 963 2104 uoluit
979 2041 1062 2105 scire
1085 2044 1118 2104 et
1141 2058 1203 2104 non
1221 2040 1327 2120 potuit
1349 2038 1461 2102 latere.

163 2149 215 2210 25.
241 2145 359 2209 Mulier
372 2146 455 2209 euim
477 2147 585 2209 statim
609 2151 645 2208 nt
667 2146 792 2209 audiuit
813 2146 856 2210 de
878 2165 928 2220 eo,
952 2145 1042 2210 coins
1067 2145 1203 2209 habebat
1225 2143 1290 2208 lilia
1313 2143 1461 2223 spiritum

162 2251 369 2330 immundans,
404 2251 538 2314 intrauit
560 2251 600 2314 ad
623 2269 705 2315 eum.
744 2253 795 2316 23.
829 2250 907 2314 Erat
941 2257 1048 2315 autem
1085 2249 1208 2314 Graeca
1241 2247 1462 2330 syrofoenissa

161 2373 288 2435 genere.
312 2354 357 2419 m
379 2355 512 2434 rogabat
533 2375 617 2434 eum,
641 2362 677 2420 ut
700 2356 900 2422 daemonium
925 2356 1045 2419 eiceret
1069 2355 1108 2418 de
1133 2353 1198 2418 filia
1221 2355 1299 2418 eius
1323 2354 1373 2416 27.
1400 2348 1461 2426 Qui

162 2460 244 2522 dixit
266 2458 332 2524 illi:
356 2460 426 2524 sine
437 2464 526 2540 prins
538 2461 675 2524 saturari
699 2459 791 2538 filios,
805 2478 866 2523 non
880 2465 929 2523 est
952 2460 1036 2524 enirn
1049 2460 1163 2523 bonurn
1189 2459 1334 2540 accipere
1348 2475 1460 2538 panem

162 2563 300 2627 liliorum
313 2572 347 2628 et
359 2564 486 2627 mittere
499 2564 587 2629 illum
596 2564 727 2629 catellis.
740 2566 791 2630 28.
806 2564 856 2629 Ad
865 2564 921 2628 illa
931 2567 1125 2646 respondens
1138 2565 1183 2630 ait
1195 2562 1241 2644 clf:
1255 2564 1391 2639 dauriae,
1405 2560 1461 2625 sed

160 2675 194 2731 et
215 2669 322 2733 catelli
345 2669 405 2733 sub
428 2687 537 2733 mensa
570 2669 764 2733 nrarrdncant
795 2668 834 2732 de
863 2668 955 2732 micis
978 2687 1155 2750 puerorum.
1182 2671 1233 2733 23.
1263 2669 1306 2732 Et
1328 2667 1374 2733 ait
1397 2664 1460 2730 illi:

162 2774 253 2848 uude,
276 2780 407 2854 propter
429 2774 513 2838 hunc
528 2792 705 2838 sermonem
729 2774 893 2854 contingat
916 2773 974 2836 tibi
1000 2773 1038 2836 de
1062 2771 1126 2838 lilia
1142 2779 1199 2837 tna
1222 2779 1258 2837 nt
1280 2772 1379 2854 enpis.
1404 2773 1456 2836 30.

161 2876 204 2941 Et
227 2897 299 2942 cum
322 2878 444 2944 abisset
460 2880 583 2943 donnum
608 2879 730 2943 inuenit
747 2877 882 2959 puellam
897 2883 1053 2943 raoentenr
1071 2896 1167 2957 supra
1192 2877 1317 2954 lectum,
1335 2883 1367 2943 et
1384 2876 1459 2941 dae·
1579 2942 1580 2947 ,

161 2983 300 3046 monium
334 2985 440 3049 exisse
462 2984 501 3047 ab
525 3003 573 3048 ea.
608 2987 659 3049 31.
694 2985 738 3048 Et
760 2984 877 3048 iterum
900 2983 1010 3046 eniens
1045 2984 1084 3047 de
1107 2981 1222 3047 finibus
1254 2983 1339 3064 Tyri,
1372 2983 1460 3047 uenit

162 3105 218 3165 per
241 3086 390 3153 Sidonem
414 3088 453 3151 ad
476 3106 564 3151 usare
587 3088 732 3152 Galileae
753 3088 836 3152 iuter
860 3088 981 3152 nredios
1004 3086 1083 3152 fines
1108 3088 1315 3169 Decapoleos.
1339 3092 1391 3154 32.
1415 3087 1458 3151 Et

159 3190 310 3255 adferunt
330 3193 359 3255 ei
383 3194 514 3257 surdum
534 3197 568 3255 et
597 3198 783 3269 manumet
813 3192 1067 3273 deprecabantur
1098 3211 1179 3270 cunr,
1211 3198 1247 3257 ut
1278 3194 1457 3272 imponeret

161 3295 206 3360 illi
230 3314 367 3361 rnanum.
391 3299 442 3362 33.
474 3298 518 3361 Et
542 3298 721 3378 suscipiens
744 3316 816 3361 eum
840 3297 880 3360 de
904 3298 999 3362 turba
1022 3315 1176 3375 seorsum,
1207 3316 1348 3379 expuens
1370 3300 1458 3363 misit

161 3400 278 3480 digitos
311 3418 387 3465 anos
411 3402 442 3465 in
466 3402 626 3466 auriculas
656 3407 689 3465 et
719 3402 825 3483 teligit
853 3402 992 3483 linguam
1024 3404 1102 3467 elus.
1134 3405 1185 3467 34.
1217 3408 1249 3468 et
1279 3404 1456 3486 suspiciens

161 3506 193 3569 in
209 3505 342 3582 caelum,
359 3505 514 3588 ingemuit
528 3511 561 3570 et
576 3508 622 3570 alt
637 3507 699 3571 illl:
726 3504 839 3586 Edeta,
863 3506 947 3587 quod
964 3515 1014 3571 est
1029 3507 1206 3587 adaperire.
1231 3511 1282 3575 35.
1308 3508 1350 3573 Et
1365 3528 1456 3589 aper·

160 3618 213 3672 tae
229 3616 303 3674 sunt
328 3629 424 3674 aures
447 3611 527 3688 eins,
558 3615 591 3674 et
614 3612 753 3675 solntnnr
786 3619 836 3674 ost
858 3611 1020 3675 uinculum
1051 3612 1176 3693 linguae
1200 3614 1270 3677 eins
1293 3620 1325 3677 et
1347 3613 1456 3693 loque·

158 3713 254 3778 batur
278 3713 481 3779 confidenter.
505 3717 556 3781 36.
582 3716 625 3779 Et
647 3717 814 3797 praecepit
838 3715 901 3781 illis
926 3734 965 3779 ne
990 3717 1041 3781 eui
1065 3717 1218 3780 dicerent.
1254 3720 1306 3783 31.
1333 3718 1381 3783 Ad
1405 3719 1452 3783 illl

158 3821 258 3899 inagis
291 3826 414 3884 tantum
449 3822 678 3903 praedicabant
711 3827 745 3884 et
774 3840 811 3884 eo
843 3820 982 3903 amplius
1017 3821 1257 3887 admirabantur
1292 3824 1453 3887 dicentes:

159 3923 245 3986 Bene
267 3925 373 3989 omnia
395 3926 482 4003 lecit,
505 3930 539 3989 et
561 3925 668 3990 surdis
691 3929 834 4007 praestat
855 3926 999 3990 auditum
1023 3932 1056 3990 et
1077 3928 1174 3989 mutis
1197 3925 1367 4006 eloquium.

261 4131 365 4200 vlll.
400 4138 424 4197 l.
449 4135 486 4199 In
507 4134 570 4199 illis
595 4140 700 4199 autem
733 4135 845 4200 diebus
875 4136 993 4199 lterum
1018 4154 1087 4199 cum
1119 4135 1453 4214 tu1·bamnltaesset,

156 4251 189 4305 et
211 4258 270 4305 nec
294 4237 458 4315 haberent,
491 4240 573 4319 quod
606 4241 844 4315 manducarent,
875 4239 1059 4303 conuocatis
1090 4239 1268 4321 discipulis,
1303 4240 1348 4304 eit
1372 4240 1451 4305 illis:

159 4344 313 4409 llisereor
343 4362 439 4423 snper
461 4345 554 4407 istam
578 4343 713 4420 turbon,
739 4337 1052 4424 ‹pronianr'tridnnm
1077 4345 1138 4407 iarn
1163 4350 1221 4420 est,
1246 4363 1285 4407 cx
1309 4363 1373 4424 qno
1398 4346 1449 4410 lale

156 4456 239 4525 sunt,
262 4466 322 4512 nec
345 4448 463 4511 liabent
485 4448 570 4528 quod
593 4449 795 4520 manducent,
831 4450 861 4512 3.
898 4454 930 4510 et
953 4447 1114 4511 dimittere
1138 4465 1193 4510 eos
1216 4448 1341 4511 ieiunos
1365 4450 1448 4523 nolo,

156 4574 195 4618 ne
216 4556 393 4634 fatigentur
423 4554 455 4615 ln
479 4560 540 4630 uia,
571 4553 717 4633 qnoniam
746 4554 874 4633 quidem
904 4550 1004 4631 aliqui
1036 4551 1075 4615 de
1097 4552 1190 4633 longe
1222 4560 1390 4617 uenerunt.
1415 4554 1446 4615 4.

156 4659 198 4724 lit
220 4659 455 4741 responderunt
489 4658 518 4721 ei
542 4657 690 4738 discipali
714 4660 780 4721 sui:
818 4655 910 4720 Unde
945 4656 1023 4721 istos
1057 4654 1129 4736 quis
1165 4660 1270 4735 potest
1301 4663 1447 4721 saturare

156 4765 290 4847 panibus
305 4762 337 4827 in
360 4763 531 4829 solitudine
545 4764 631 4828 ista?
655 4763 685 4827 ὁ.
709 4761 752 4825 Et
767 4762 980 4843 interrogauit
989 4778 1061 4825 eos:
1086 4759 1170 4837 Quot
1185 4777 1283 4841 panes
1300 4760 1448 4826 habetis?

1226 4892 1243 4945 9
