3625 5775
175 491 237 538 ,22
538 486 719 553 Euangeliou
737 486 888 540 secundnm
906 487 1057 540 Lucanum.
1387 489 1447 553 113

154 699 199 760 24.
220 696 300 774 Quis
323 696 407 761 euim
431 699 604 778 maiorest,
626 698 681 778 qai
704 694 871 774 recumbit,
895 707 951 760 aut
974 698 1027 778 qui
1052 695 1239 762 ministrat?
1263 695 1375 761 Nonne
1391 698 1446 778 qui

154 801 333 866 recumbit?
378 800 447 883 Ego
480 807 679 866 autemeam
713 801 745 865 iu
781 800 884 866 medio
919 807 1070 880 uestram,
1095 801 1178 867 sicut
1201 801 1255 883 qui
1277 801 1447 866 ministrat.

152 906 198 971 28.
232 903 302 972 Uos
330 905 408 971 estis
442 906 496 987 qui
538 906 760 988 permansistis
794 924 916 971 mecum
951 906 983 970 in
1016 907 1187 988 temptatio
1204 949 1212 968 .
1230 954 1236 967 .
1256 952 1288 968 ..
1313 903 1343 970 ei

151 1011 197 1073 29.
220 1009 356 1090 dispono
380 1010 482 1090 uobis,
514 1011 599 1075 sicut
632 1010 791 1091 disposuit
824 1010 902 1075 mibi
927 1015 1018 1094 pater
1053 1029 1142 1076 meus
1164 1027 1309 1092 regnum,
1345 1012 1447 1076 3044

150 1113 252 1178 edatis
289 1118 323 1178 44
356 1113 475 1179 bibatis
508 1115 539 1179 iu
573 1132 675 1178 meam
710 1133 851 1179 mensam
882 1121 917 1179 et
948 1115 980 1178 iu
1003 1132 1102 1196 regno
1133 1133 1213 1192 meo,
1237 1118 1271 1178 et
1293 1115 1447 1180 sedebitis

150 1218 178 1280 iu
201 1216 264 1282 llll
297 1217 428 1282 sedibus
463 1218 641 1284 indicantes
675 1217 736 1282 Xll
770 1218 875 1284 tribus
915 1218 1061 1286 Istrahel.
1095 1221 1146 1284 31.
1171 1217 1226 1284 nit
1259 1221 1365 1284 autem
1389 1220 1445 1284 do-

149 1320 269 1386 minus:
293 1318 413 1399 Simon,
427 1319 547 1401 Simon,
570 1340 646 1388 ecce
668 1327 801 1386 satanas
819 1373 825 1384 .
840 1367 872 1384 ..
896 1322 959 1386 iuit
982 1328 1019 1388 nt
1036 1373 1042 1387 .
1061 1373 1066 1386 .
1086 1370 1093 1385 .
1116 1323 1162 1388 let
1185 1324 1272 1388 sicut
1294 1324 1445 1390 triticum.

148 1426 195 1488 32.
217 1426 288 1506 Ego
304 1432 411 1491 autem
426 1426 537 1505 rogaui
563 1444 619 1506 pro
631 1431 673 1502 te,
693 1433 727 1490 ut
744 1444 805 1491 rrou
820 1423 951 1490 deficiat
974 1424 1051 1492 lidos
1069 1432 1133 1504 tua,
1158 1433 1191 1491 et
1214 1435 1249 1492 tu
1272 1427 1445 1509 aliqnando

148 1547 328 1608 conuersus,
352 1527 502 1594 confirma
518 1529 634 1594 fratres
645 1535 729 1606 taos,
740 1534 773 1594 et
787 1535 907 1611 raugate,
925 1549 963 1593 ne
988 1531 1115 1598 intretis
1138 1535 1169 1595 iu
1193 1531 1444 1614 temptationem.

148 1636 197 1700 33.
224 1634 312 1699 Dixit
335 1641 440 1700 autern
459 1686 465 1699 .
485 1683 492 1696 .
513 1685 519 1697 .
539 1634 663 1710 Petrus,
689 1634 825 1710 dominc,
849 1640 955 1699 tecum
971 1639 1103 1716 paratus
1119 1653 1187 1700 sam
1214 1636 1245 1699 in
1269 1654 1398 1700 carcere
1415 1641 1447 1700 et

147 1739 178 1801 iu
193 1743 295 1803 morte
310 1739 369 1802 ire.
386 1741 436 1804 34.
454 1739 498 1804 llt
512 1738 568 1803 ille
585 1738 681 1804 dixit:
706 1739 777 1802 dico
793 1739 853 1803 tibi
866 1739 971 1815 Patre,
988 1756 1050 1803 nou
1065 1741 1207 1805 cantabit
1226 1739 1321 1804 bodie
1332 1739 1445 1821 gallae,

148 1841 246 1907 donec
270 1849 318 1906 ter
342 1861 391 1906 rae
414 1844 563 1924 abneges.
588 1845 638 1908 35.
663 1843 705 1908 Et
721 1843 803 1910 dixit
818 1844 885 1908 eis:
907 1843 1034 1924 quaudo
1050 1845 1122 1908 misi
1148 1861 1205 1909 nos
1229 1845 1297 1909 siue
1321 1844 1446 1910 sacculo

150 1953 184 2011 et
206 1964 282 2028 pera
307 1953 341 2010 et
371 1946 600 2027 calciamentis,
634 1946 786 2029 numquid
810 1948 945 2012 alicuius
968 1949 1107 2030 egistis?
1140 1950 1190 2015 36.
1215 1950 1258 2014 Et
1280 1950 1445 2014 dixerunt:

147 2050 272 2116 nullius.
287 2049 377 2115 Dixit
384 2050 543 2130 ergozsed
556 2070 650 2132 nunc,
662 2052 713 2131 qm
727 2051 824 2117 babet
835 2053 1007 2136 sacculum,
1027 2052 1318 2119 tollatsimiliteret
1328 2071 1444 2133 peram,

146 2160 178 2218 44
191 2157 243 2236 qai
263 2154 446 2234 nonhabet,
471 2161 589 2220 aendat
604 2158 831 2221 uestimentum
848 2174 940 2222 suum
964 2163 997 2224 et
1019 2163 1104 2224 emat
1119 2157 1270 2241 gladium.
1294 2159 1346 2223 37.
1364 2157 1444 2222 Dico

146 2261 239 2342 enim,
255 2261 333 2342 quia
347 2260 431 2342 quod
449 2261 603 2342 scriptam
619 2265 678 2337 est,
695 2265 822 2342 oportet
837 2261 962 2343 impleri
986 2261 1019 2327 in
1042 2281 1110 2345 me;
1134 2265 1167 2326 et
1182 2280 1252 2327 cum
1279 2261 1445 2328 sceleratis

146 2364 318 2446 deputatus
332 2383 412 2432 sum.
430 2364 625 2442 Quodetiam
638 2416 644 2429 .
658 2413 686 2430 ..
703 2363 850 2430 finemlia
862 2414 870 2428 .
884 2415 891 2430 .
906 2369 974 2432 .38.
989 2365 1049 2444 Qui
1066 2367 1215 2432 dixerunt
1230 2365 1276 2432 ei:
1294 2366 1442 2431 domiue!

144 2468 229 2534 Ecce
243 2467 350 2551 gladia
366 2470 429 2534 duo
441 2468 502 2533 bic.
527 2468 588 2546 Qui
604 2468 704 2535 dixit.-
728 2468 857 2536 sufficit.
882 2470 933 2534 39.
960 2471 1001 2536 Et
1017 2489 1166 2553 egressus
1183 2470 1249 2536 ibat
1265 2470 1439 2536 secundum

144 2575 404 2640 cousuetudinem
421 2593 509 2638 suam
527 2576 559 2638 in
576 2580 714 2639 montem
728 2573 856 2640 Olibcti.
886 2576 996 2642 Secuti
1013 2579 1089 2642 sunt
1104 2581 1211 2640 autem
1227 2575 1317 2641 illum
1330 2579 1364 2640 et
1377 2575 1440 2641 dis·

144 2678 242 2761 cipuli
253 2679 332 2743 eius.
346 2679 399 2743 40.
416 2679 541 2744 Etcum
557 2679 758 2762 peruenisset
775 2681 853 2758 loco,
876 2681 958 2744 dixit
981 2681 1063 2747 illis:
1087 2679 1196 2762 Orate,
1214 2701 1253 2747 ne
1270 2681 1399 2746 intretis
1411 2681 1443 2744 in

144 2782 395 2864 temptationem.
415 2784 467 2848 41.
484 2784 526 2848 Et
538 2785 606 2864 ipse
618 2784 748 2848 aaolsus
768 2791 819 2850 est
831 2785 871 2848 ab
891 2786 1114 2866 elaqueatum
1136 2782 1393 2867 iactumlapidls‚
1411 2797 1444 2850 et

143 2887 257 2969 positis
264 2887 398 2970 genibus
409 2889 535 2953 orabat:
548 2891 601 2954 42.
616 2890 720 2967 Pater,
733 2889 760 2955 si
771 2890 830 2968 uis,
843 2890 981 2955 transfer
991 2891 1122 2955 calicem
1134 2891 1243 2955 lrunca
1253 2910 1301 2955 me
1312 2908 1319 2968 ;
1331 2909 1442 2955 uerum

142 3011 204 3059 non
213 2991 449 3067 meanoluutas,
462 2993 517 3058 sed
531 2999 587 3057 tna
599 2991 663 3057 fiat.
676 2994 727 3058 43.
742 2994 1013 3077 apparuitautem
1022 2994 1070 3061 illi
1080 2995 1210 3076 angelus
1221 2995 1260 3061 de
1270 2994 1359 3061 caelo
1371 3013 1443 3060 con-

142 3097 265 3162 fortans
281 3096 379 3164 illum.
404 3098 447 3162 Et
458 3096 563 3163 factus
586 3106 636 3163 est
648 3100 682 3162 in
693 3098 816 3179 agonia,
843 3097 1042 3181 etprolixius
1056 3099 1177 3165 orabat.
1201 3101 1254 3165 44.
1278 3098 1322 3164 Ε4
1337 3100 1443 3165 lactus

142 3208 193 3267 est
215 3203 313 3267 sudor
335 3204 406 3267 eius
429 3203 512 3267 sicut
533 3208 645 3284 guttae
667 3204 834 3285 sauguinis
869 3204 1075 3268 decurrentes
1098 3203 1130 3267 in
1154 3210 1282 3269 terram.
1320 3206 1373 3270 45.
1402 3203 1444 3268 Et

142 3306 345 3385 factumest,
376 3326 448 3371 curn
479 3309 674 3373 surrexisset
705 3307 745 3373 ab
778 3308 932 3389 oratione,
965 3314 997 3373 et
1029 3308 1173 3374 uenisset
1204 3309 1243 3372 44
1269 3308 1443 3390 discipulos

141 3428 229 3493 suos,
264 3411 388 3476 inuenit
418 3411 490 3479 illos
521 3412 713 3478 dormientes
744 3430 822 3494 prae
851 3412 993 3477 tristitia.
1027 3413 1080 3479 46.
1120 3413 1164 3477 Et
1186 3413 1232 3477 ait
1254 3412 1334 3479 illis:
1360 3414 1441 3491 Quid

141 3515 313 3581 dormitis?
336 3516 469 3596 surgite,
492 3521 592 3595 orate,
608 3536 648 3581 ne
662 3516 791 3582 intretis
806 3517 838 3581 in
854 3516 1106 3597 temptationem.
1130 3519 1181 3582 47.
1208 3516 1320 3582 Adbuc
1335 3524 1441 3584 444444

141 3620 197 3685 illo
221 3620 380 3702 loquente,
403 3639 477 3686 ecce
498 3622 613 3687 turbae
636 3629 668 3686 et
690 3622 745 3703 qui
767 3621 943 3687 uocabatur
966 3620 1082 3698 dudae,
1105 3640 1189 3687 unus
1206 3622 1245 3687 de
1261 3621 1332 3703 llll,
1351 3630 1442 3687 ante-

142 3725 275 3791 cedebat
289 3744 355 3791 eos.
378 3726 422 3791 Et
439 3727 632 3808 adpropians
655 3727 818 3792 osculatus
836 3731 888 3791 est
908 3725 1040 3805 desum3
1064 3727 1124 3792 boc
1140 3728 1223 3791 enirn
1238 3727 1362 3809 signum
1382 3779 1388 3791 .
1408 3777 1415 3792 .
1433 3780 1440 3793 .

141 3833 190 3897 eis
213 3832 338 3896 dicens:
374 3848 605 3912 quemcumque
638 3831 801 3896 osculatus
834 3829 936 3909 luero,
974 3829 1025 3895 bic
1057 3836 1115 3911 est,
1151 3836 1259 3897 tenete
1282 3850 1363 3895 enm.
1387 3834 1439 3898 48.

144 3937 233 4001 [lixit
255 3941 361 4000 autem
385 3936 431 4000 illi
455 3934 567 4001 dosus:
591 3935 686 4014 luda,
710 3934 819 4001 osculo
841 3933 942 4001 filium
965 3934 1102 4001 bominis
1126 3935 1253 4000 tradis?
1273 3936 1324 4002 49.
1349 3935 1440 4014 Quod

142 4059 214 4105 cum
249 4039 395 4105 uiderent
428 4058 501 4106 euna
524 4039 567 4121 bi,
600 4040 653 4122 qai
677 4040 761 4105 circa
783 4039 887 4121 ipsum
918 4044 1018 4117 erant,
1054 4039 1203 4106 dixerunt
1227 4039 1273 4104 ei:
1305 4041 1440 4120 domiue,

141 4146 202 4222 nis,
233 4144 451 4227 percutiemus
481 4163 553 4210 eum
584 4146 616 4209 ia
647 4144 772 4226 gladio?
802 4144 853 4209 50.
878 4144 922 4210 Et
945 4144 1102 4225 percussit
1121 4194 1301 4210 ......
1320 4163 1441 4211 sunus

142 4269 183 4315 ex
198 4248 263 4314 illis
278 4267 405 4314 seruum
430 4248 583 4332 principis
606 4250 817 4329 sacerdotum,
834 4253 867 4312 et
885 4250 1065 4330 amputauit
1079 4248 1255 4314 auriculam
1273 4249 1343 4315 eius
1365 4251 1440 4314 dex·
1573 4284 1576 4289 ·

142 4361 234 4420 tram.
269 4356 320 4421 51.
355 4354 563 4436 Respondeas
592 4359 699 4420 autem
731 4353 827 4419 desae
864 4354 961 4417 dixit:
997 4354 1132 4419 Dimitte
1151 4371 1234 4418 eum.
1268 4353 1312 4420 Et
1334 4354 1441 4435 tetigit

143 4478 252 4525 aurem
276 4461 344 4524 eius
367 4465 401 4524 et
423 4461 550 4524 sanauit
572 4476 644 4523 earn
685 4460 736 4525 52.
771 4460 825 4523 Ait
853 4466 961 4523 autem
992 4456 1108 4523 Jesus:
1139 4457 1214 4523 Sine
1246 4476 1346 4540 usque
1370 4458 1438 4524 boc.

142 4564 186 4629 Et
209 4564 249 4629 ad
273 4582 337 4643 eos,
362 4564 415 4645 qai
438 4564 477 4629 44
502 4581 536 4628 44
559 4569 724 4642 uenerant,
749 4564 838 4644 dixit,
868 4562 1065 4644 principibus
1095 4562 1296 4628 sacerdotum
1319 4569 1352 4629 et
1374 4582 1438 4630 ma·

142 4668 333 4751 gistratibas
363 4669 475 4745 templi
498 4674 529 4732 et
552 4666 749 4732 senioribus:
774 4666 873 4750 Quqi
903 4668 945 4733 ad
968 4668 1126 4733 latronem
1149 4667 1263 4734 existis
1278 4686 1348 4733 cuna
1372 4669 1437 4751 gla-

142 4775 207 4839 diis
227 4779 262 4839 et
284 4774 448 4839 fustibus?
470 4775 522 4839 53.
558 4769 637 4837 (lum
670 4772 789 4837 cotidie
819 4774 983 4839 uobiscum
1015 4771 1130 4837 luerim
1161 4774 1193 4838 in
1224 4773 1342 4855 templo
1377 4792 1439 4839 nou

1267 4916 1284 4965 8
