3625 5775
158 552 188 609 c.
208 558 233 609 lt.
524 552 705 625 Euangelon
723 553 872 611 secundom
891 554 1070 609 Matthnenro.
1433 557 1455 625 5

159 768 208 831 13.
233 764 300 831 Uos
322 766 401 833 estis
425 766 470 833 eal
497 816 502 831 .
527 818 533 830 .
561 816 567 831 .
596 767 776 845 eucnuerit,
808 766 840 832 in
864 783 926 848 quo
949 766 1104 833 salietur?
1136 765 1176 833 ed
1199 765 1333 834 nibilum
1356 767 1455 847 uolet,

156 871 218 937 nisi
243 875 277 935 ut
299 871 444 938 mittetur
467 870 546 937 ioris
569 877 601 935 et
624 871 829 937 conculcetur
851 871 1100 940 abdominibus.
1141 874 1189 939 14.
1214 871 1283 941 Uos
1297 873 1376 940 estis
1397 872 1453 939 lux

156 976 251 1041 huius
284 976 403 1042 mundi.
448 975 519 1041 Nou
553 981 660 1059 potest
694 978 808 1043 ciuitas
841 996 939 1060 supra
976 983 1115 1045 montem
1150 978 1253 1059 posita
1287 978 1451 1045 abscondi.

160 1084 208 1148 15.
231 1081 343 1163 Neque
366 1082 546 1147 accendunt
575 1081 735 1149 lucernam
759 1087 791 1147 et
813 1086 938 1166 ponunt
958 1101 1028 1148 eam
1050 1083 1110 1149 sub
1131 1083 1247 1162 modio,
1274 1083 1332 1149 aed
1354 1101 1453 1166 supra

157 1184 392 1265 candelabrum,
427 1191 463 1251 ut
485 1187 591 1253 luceat
613 1186 768 1263 omnibus,
803 1190 858 1269 qui
888 1188 920 1252 in
945 1189 1037 1253 domo
1067 1193 1152 1254 suut.
1201 1190 1249 1254 16.
1275 1188 1328 1255 Sic
1348 1187 1456 1255 luceat

156 1291 211 1357 lux
234 1296 344 1358 uestra
367 1309 471 1357 coram
496 1292 684 1371 bominibus,
708 1296 745 1357 ut
768 1294 898 1359 uideant
920 1311 1019 1375 opera
1041 1299 1151 1359 uestra
1165 1293 1258 1372 bena,
1280 1298 1314 1358 et
1335 1295 1456 1375 magui·

156 1394 253 1462 licent
275 1402 396 1479 patrem
420 1400 572 1480 uestrum,
597 1397 651 1478 qui
675 1401 726 1463 eet
748 1398 780 1463 in
805 1396 912 1463 caelis.
951 1398 999 1463 ll.
1023 1396 1130 1463 Nolite
1150 1402 1261 1478 putare
1284 1398 1360 1479 quie
1381 1398 1456 1464 ueni

156 1501 281 1569 soluere
294 1500 397 1585 legem
413 1505 470 1567 aut
483 1501 673 1584 prophetes3
702 1520 764 1567 uon
780 1503 854 1568 ueni
870 1502 997 1569 soluere
1012 1503 1069 1569 sed
1084 1501 1267 1584 adimplere.
1286 1504 1336 1567 18.
1354 1502 1455 1567 Amen

157 1607 227 1673 dico
250 1608 356 1673 uobis:
390 1607 490 1671 donec
512 1610 655 1671 transeat
671 1606 793 1672 coelum
816 1618 848 1672 et
864 1612 960 1690 terra,
983 1609 1050 1673 iota
1066 1625 1163 1673 uuum
1186 1605 1238 1671 uel
1263 1624 1347 1673 unus
1369 1624 1452 1689 apex

156 1730 220 1777 uon
242 1711 431 1794 praeteribit
454 1730 472 1775 e
494 1710 565 1791 lege
588 1710 689 1777 donec
704 1711 812 1777 omnia
834 1708 924 1776 fiant.
950 1712 999 1776 19.
1024 1711 1086 1789 Qui
1101 1711 1185 1778 enim
1202 1710 1337 1778 soluerit
1357 1729 1456 1776 uuuru

156 1816 197 1881 de
220 1816 378 1882 mandatis
401 1815 472 1883 istie
495 1816 633 1881 minimis
657 1822 691 1881 et
713 1816 858 1881 docuerit
879 1816 928 1882 sic
945 1816 1102 1895 homines,
1124 1816 1275 1883 minimus
1290 1816 1457 1884 uocabitur

157 1921 187 1986 in
219 1939 317 2003 regno
334 1918 525 2003 vcaelorum
565 1919 619 2002 qui
651 1924 756 1985 sutem
788 1919 902 1985 iecerit
928 1924 961 1985 et
984 1920 1130 1987 docuerit
1152 1920 1209 2000 sic,
1240 1920 1294 1987 hic
1321 1939 1456 2004 maguus

155 2024 323 2091 uocabitur
347 2024 379 2088 in
401 2042 498 2106 nequo
521 2023 689 2089 caelorum.
726 2027 775 2092 20.
807 2024 888 2090 Dico
912 2030 1019 2091 autern
1043 2024 1144 2102 uobis,
1175 2026 1251 2107 quia
1273 2026 1335 2094 uisi
1358 2025 1456 2093 abun·

156 2130 281 2196 deuenit
308 2130 433 2195 iustitia
462 2135 570 2195 uestra
593 2129 664 2210 plus
688 2147 781 2211 quam
804 2130 983 2197 scribarum
1006 2136 1041 2196 et
1062 2130 1291 2213 phariseorum,
1321 2149 1385 2196 non
1406 2131 1455 2197 iu·

155 2234 283 2301 trabitis
306 2234 339 2299 in
361 2252 491 2316 reguum
527 2234 693 2301 caelorum.
729 2237 781 2299 21.
806 2234 951 2301 tudens
973 2236 1051 2317 quia
1072 2235 1191 2301 dictum
1222 2236 1455 2319 estantiquis:

155 2340 225 2405 Non
249 2338 384 2418 occides,
415 2340 470 2422 qui
492 2346 597 2407 autem
621 2338 782 2423 occiderit,
816 2359 891 2407 reus
921 2343 985 2407 erit
1006 2339 1133 2406 iudicio.
1178 2341 1230 2407 22.
1255 2340 1326 2423 Ilgo
1349 2345 1457 2407 autem

156 2446 228 2512 dico
252 2442 359 2511 uobis:
389 2444 474 2527 quod
503 2444 605 2511 omnis
630 2444 684 2527 qui
707 2446 856 2513 irascitur
879 2445 973 2511 iratri
996 2464 1054 2512 suo
1077 2444 1147 2513 sine
1169 2456 1275 2525 cauea,
1298 2463 1373 2511 reus
1394 2446 1458 2511 erit

156 2549 285 2615 iudicio.
324 2548 385 2627 Qui
410 2553 516 2615 autem
540 2549 659 2615 dixerit
681 2549 775 2615 fratri
798 2570 871 2617 suo:
896 2550 1003 2629 racha,
1034 2569 1109 2619 reus
1131 2551 1194 2617 erit
1215 2549 1367 2629 coucili03
1401 2550 1456 2632 qui

157 2660 261 2720 autem
279 2654 410 2720 dixerit:
439 2652 559 2737 fatuae,
589 2674 662 2721 reue
685 2657 747 2723 erit
776 2658 940 2738 gehenuae
962 2657 1055 2738 iguis.
1101 2657 1152 2721 23.
1184 2656 1218 2723 Si
1241 2674 1317 2738 ergo
1340 2654 1456 2723 efferes

156 2778 270 2826 munus
281 2764 371 2824 tuum
386 2759 427 2825 ad
443 2759 554 2838 altore,
568 2767 601 2826 ot
615 2760 658 2825 ibi
678 2766 907 2835 rememoratus
930 2760 1039 2843 fueris,
1063 2761 1139 2842 quie
1153 2759 1255 2825 irater
1270 2764 1345 2827 tuus
1355 2759 1456 2827 habet

156 2864 278 2949 aliquid
299 2867 470 2932 aduersum
494 2871 536 2945 te,
559 2866 611 2934 24.
634 2866 779 2949 relinque
800 2867 843 2933 ibi
864 2884 977 2932 munus
997 2870 1087 2932 tuum
1102 2871 1177 2932 ante
1193 2864 1304 2949 altare,
1325 2868 1359 2931 et
1373 2866 1456 2933 uode

155 2973 246 3053 prius
263 2971 471 3036 reconciliare
483 2969 573 3036 fratri
591 2976 645 3037 tuo
658 2976 691 3038 et
706 2978 781 3038 tuuc
793 2972 927 3038 ueniens
937 2969 1035 3037 offers
1046 2989 1160 3037 munus
1178 2977 1278 3036 tuum.
1302 2972 1355 3038 25.
1378 2970 1455 3037 Esto

156 3075 356 3143 consentiens
369 3075 554 3142 aduersario
571 3081 626 3142 tuo
643 3077 706 3142 cito
722 3095 793 3142 cum
810 3094 844 3142 ee
862 3095 932 3142 curn
947 3076 1003 3142 illo
1018 3077 1051 3141 iu
1065 3075 1129 3154 uie,
1154 3095 1194 3142 ue
1209 3075 1291 3142 iorte
1303 3077 1409 3142 modat
1422 3081 1457 3142 te

155 3181 359 3246 aduersarius
371 3178 630 3260 iudicialiudex
642 3181 751 3247 tradat
764 3187 795 3247 te
808 3182 965 3262 ministro,
978 3185 1010 3246 et
1022 3182 1053 3246 iu
1073 3199 1231 3247 carcerem
1244 3179 1455 3250 mittarisdb.

156 3289 255 3352 Amen
274 3286 343 3350 dico
356 3285 430 3352 tibi:
456 3304 517 3350 non
531 3287 618 3378 enies
630 3286 704 3352 inde
717 3287 819 3354 donec
831 3287 947 3353 reddas
959 3304 1060 3368 usque
1072 3285 1114 3350 ed
1129 3285 1336 3352 nobissimum
1353 3286 1454 3368 quad·

156 3396 289 3456 rentem.
307 3393 358 3458 nt.
383 3390 529 3457 Audistis
546 3391 621 3473 quia
643 3392 843 3458 dictumest:
868 3409 930 3456 non
953 3391 1179 3457 moechaberis.
1196 3392 1248 3456 28.
1264 3390 1335 3472 Ego
1349 3395 1456 3458 autern

155 3496 224 3562 dico
241 3495 348 3562 uobis:
373 3495 521 3577 quoniam
546 3514 665 3580 omnen,
690 3497 744 3577 qui
760 3496 880 3562 uiderit
903 3496 1068 3561 mulierem
1091 3496 1132 3560 ad
1156 3493 1445 3578 concupiscendum

156 3619 237 3678 cairi,
253 3601 318 3666 iam
342 3600 528 3666 moechatus
540 3605 591 3667 est
602 3619 670 3666 cam
684 3601 716 3665 in
729 3600 824 3666 corde
837 3617 902 3666 suo.
918 3603 969 3666 29.
983 3600 1076 3680 Quod
1090 3599 1119 3666 si
1134 3601 1245 3666 oculus
1257 3603 1332 3666 tuus
1343 3600 1456 3665 dexter

155 3705 354 3771 scandalizat
378 3709 419 3784 te,
451 3724 526 3770 erue
549 3724 622 3770 eum
645 3711 677 3772 et
700 3705 808 3787 proice
831 3705 889 3770 obs
911 3711 961 3784 te;
985 3705 1116 3786 expedit
1137 3704 1221 3770 enim
1244 3704 1303 3770 tibi
1327 3710 1363 3770 ut
1384 3721 1456 3788 per·

156 3815 210 3876 eat
231 3829 328 3876 unum
352 3809 563 3876 membrorum
587 3816 722 3891 tuorum,
744 3827 838 3893 quain
862 3812 947 3891 quod
970 3827 1086 3892 corpus
1112 3815 1200 3874 tuum
1224 3815 1326 3876 totum
1347 3813 1401 3874 eat
1423 3812 1457 3874 in

155 3914 340 3998 gehennam.
365 3917 416 3982 30.
440 3915 525 3980 Etsi
541 3915 672 3981 dextera
688 3934 798 3980 manus
821 3919 877 3980 tua
900 3914 1097 3980 scandalizat
1111 3920 1154 3993 te,
1177 3915 1308 3981 abscide
1330 3932 1400 3981 eam
1423 3919 1456 3979 et

155 4020 264 4102 proice
287 4017 344 4085 abe
367 4025 416 4098 te;
441 4020 569 4103 expedit
592 4021 677 4086 enim
699 4019 757 4085 tibi
784 4026 817 4085 ut
832 4026 946 4100 pereat
966 4038 1062 4084 unum
1085 4020 1295 4085 membrorum
1318 4024 1456 4096 tuorum,

156 4144 250 4206 quarn
283 4129 382 4191 totum
407 4145 522 4208 corpus
545 4131 633 4191 tuum
665 4132 717 4191 eat
743 4126 775 4190 iu
798 4123 985 4206 gehennam.
1031 4126 1084 4192 31.
1108 4123 1235 4190 Dictum
1259 4128 1310 4190 eat
1331 4128 1455 4190 autem:

157 4229 349 4312 quicumque
383 4228 539 4296 dimiserit
565 4248 694 4295 uxorem
718 4248 817 4309 auam,
842 4230 895 4294 det
919 4229 966 4294 illi
982 4229 1158 4312 repudium.
1182 4231 1234 4294 32.
1257 4227 1327 4310 Ego
1349 4233 1457 4294 autem

157 4335 230 4402 dico
254 4335 362 4402 uobis:
390 4336 582 4417 quicumque
613 4334 769 4402 dimiserit
788 4352 919 4400 uxorem
951 4352 1051 4416 suam,
1082 4339 1216 4415 excepta
1238 4327 1335 4399 causa
1357 4331 1456 4398 iorni·

157 4440 302 4514 cationis,
317 4439 394 4506 lacit
410 4459 480 4506 eam
504 4439 673 4506 moechari.
691 4441 742 4507 33.
766 4439 885 4504 lterum
908 4438 1044 4504 audistis
1066 4437 1142 4519 quio
1164 4437 1287 4503 dictum
1308 4442 1359 4504 est
1374 4437 1457 4502 anti·

156 4546 249 4628 quis:
270 4545 342 4610 Non
366 4545 554 4628 periurabis,
579 4545 695 4612 reddes
719 4549 824 4608 autem
849 4544 976 4608 domino
999 4544 1177 4608 iuramenta
1199 4547 1265 4608 tua.
1310 4542 1363 4608 34.
1386 4541 1457 4624 Ego

157 4655 264 4716 nutam
288 4649 359 4717 dice
384 4651 492 4717 uobis:
531 4671 594 4716 non
625 4670 687 4718 nou
715 4650 823 4714 iurare
846 4649 983 4723 omuino,
1016 4665 1119 4728 neque
1150 4665 1208 4730 per
1237 4645 1358 4714 caelum
1382 4647 1458 4728 quia

156 4755 289 4820 thronus
312 4755 364 4821 dei
388 4761 456 4834 est;
480 4757 533 4822 35.
558 4774 661 4837 neque
685 4774 743 4837 per·
757 4759 877 4820 terram
893 4752 969 4834 quia
983 4751 1150 4820 scabillum
1164 4758 1215 4824 est
1237 4751 1352 4834 pedum
1375 4752 1456 4832 eius,

157 4879 260 4943 neque
282 4878 340 4942 per
362 4859 626 4944 Hierosolymam,
652 4860 728 4942 (puin
744 4858 860 4924 ciuitas
884 4857 1058 4940 estmagni
1080 4857 1176 4943 regis,
1198 4859 1250 4924 36.
1274 4875 1378 4940 neque
1398 4872 1457 4938 per
