3625 5775
339 524 382 590 (32
724 519 906 589 linangelimn
927 518 1077 575 serrandum
1097 521 1259 575 iohannem.
1548 521 1579 573 C.
1603 528 1652 575 ll.

340 732 488 815 lapidem.
521 733 617 797 lesus
641 736 747 797 autern
771 730 894 796 leuauit
918 731 1026 797 oculos
1050 750 1124 797 suos
1148 732 1189 799 ad
1212 732 1334 797 eaelum
1360 738 1391 799 et
1416 734 1512 800 dixit:
1537 740 1650 817 pater,

339 839 459 921 gratias
482 856 541 920 ago
564 836 633 913 tibi,
669 840 743 921 quia
765 836 884 902 audisti
910 856 967 901 me.
1014 838 1064 902 42.
1090 838 1133 903 Ει
1155 856 1213 919 ego
1237 838 1386 917 sciebam,
1417 840 1492 921 quic
1514 858 1651 925 semper
1772 892 1773 895 ,

335 964 385 1008 rue
408 944 510 1022 audis,
535 945 591 1008 sed
605 950 735 1026 propter
758 942 896 1024 turbam,
920 960 1001 1023 quae
1025 943 1220 1022 circumstat,
1246 944 1320 1022 dixi,
1346 948 1380 1008 ιιι
1395 944 1538 1027 credant,
1562 948 1647 1029 qula
1772 1002 1773 1007 ,

337 1056 371 1114 ιιι
396 1068 446 1113 me
469 1049 593 1114 misisti.
640 1050 692 1115 43.
717 1048 805 1114 Haeo
833 1066 903 1112 cunr
927 1048 1074 1123 dixisset,
1098 1066 1177 1113 noca
1201 1065 1314 1130 magna
1337 1048 1488 1116 clamauit
1510 1052 1645 1118 diceus:

338 1153 466 1233 Lauare,
493 1154 584 1236 prodi
607 1153 705 1220 lonas.
730 1155 781 1220 44.
805 1154 849 1219 Et
860 1154 939 1218 exiit
962 1152 1026 1235 ille,
1050 1154 1105 1234 qui
1121 1151 1225 1218 luerat
1241 1152 1525 1237 mortuus,ligatus
1539 1156 1644 1239 pedes

338 1265 370 1323 ot
392 1277 504 1323 manus
527 1260 658 1338 iustitis,
693 1264 726 1323 et
748 1258 849 1323 iacies
872 1258 942 1323 eius
966 1256 1095 1323 sudario
1118 1257 1279 1339 conligata
1302 1264 1380 1324 crat.
1428 1260 1471 1325 Et
1494 1260 1574 1325 dixit
1599 1264 1643 1327 ad

338 1382 393 1428 eos
415 1362 532 1429 lesus:
554 1362 677 1429 Soluite
700 1382 781 1446 euni,
805 1368 840 1427 et
861 1362 958 1427 sinite
982 1362 1039 1427 ire.
1064 1362 1115 1427 45.
1141 1362 1236 1429 hlulti
1259 1382 1334 1445 ergo
1359 1384 1396 1429 ex
1417 1363 1560 1445 ludaeis,
1584 1367 1644 1449 qui

338 1468 546 1533 uenerautad
560 1468 706 1550 Mariam,
731 1466 878 1534 uidentes
900 1486 984 1548 quae
1007 1466 1093 1548 lecit,
1110 1467 1315 1534 crediderunt
1336 1470 1461 1535 ineam.
1485 1472 1535 1537 46.
1561 1470 1645 1549 Qui-

336 1574 409 1637 dam
432 1592 509 1638 uero
532 1591 572 1638 ex
594 1574 673 1653 ipsis
697 1572 844 1638 abierunt
868 1572 908 1637 ad
933 1571 1121 1638 Pharisaeos
1145 1578 1177 1639 et
1201 1573 1350 1639 dixerunt
1372 1574 1429 1657 eis,
1455 1577 1537 1657 quod
1561 1576 1646 1643 lacit

337 1678 441 1744 Jesus.
473 1678 525 1745 47.
551 1677 756 1759 collegerunt
778 1696 855 1759 ergo
878 1676 1040 1761 principes
1064 1678 1264 1743 sacerdotum
1288 1684 1321 1745 et
1343 1680 1507 1747 Pharisaei
1532 1682 1646 1748 conci-

335 1782 411 1847 lium
443 1787 476 1847 et
505 1782 670 1848 dicebant:
718 1783 801 1860 Quid
824 1782 989 1859 iaciemus,
1024 1783 1098 1865 quia
1122 1782 1173 1849 hio
1203 1784 1296 1849 homo
1320 1784 1396 1849 talia
1420 1785 1513 1867 signa
1537 1786 1645 1851 lacit?

335 1891 387 1957 48.
412 1888 444 1954 Sl
470 1888 685 1969 relinquamus
709 1906 779 1952 eum
803 1890 860 1968 sic,
895 1906 1004 1953 omnes
1036 1888 1221 1955 credentia
1246 1906 1327 1966 euin,
1363 1894 1397 1953 et
1420 1890 1551 1957 uenient
1576 1892 1643 1957 llo-
1772 1902 1773 1979 l

334 1994 420 2059 urani
443 1999 476 2058 et
497 1992 612 2059 tollent
636 1998 780 2058 nostrum
804 1992 909 2059 lorum
938 2000 971 2058 et
994 2000 1130 2076 gentem.
1176 1996 1228 2061 49.
1254 1992 1344 2059 Unus
1368 2000 1474 2061 autem
1498 2014 1536 2059 ex
1557 1995 1644 2079 ipsis
1772 1988 1773 1991 ¹

335 2100 460 2166 rromiue
491 2096 608 2177 Gailas,
629 2118 700 2163 cum
730 2104 816 2165 esset
849 2100 996 2181 princeps
1021 2098 1222 2165 sacerdotum
1245 2102 1319 2165 artui
1345 2100 1441 2179 illius,
1466 2100 1548 2167 dixit
1571 2104 1640 2169 eis:
1764 2143 1769 2166 ι

336 2204 402 2270 Uos
435 2204 568 2269 nescitis
591 2205 770 2285 quicquam,
816 2206 867 2270 50.
892 2222 1014 2286 necque
1037 2206 1194 2287 cogitatis,
1220 2207 1296 2289 quia
1320 2206 1450 2289 expedit
1473 2208 1574 2285 uobis,
1600 2215 1640 2273 ut
1770 2205 1771 2259 ἓ

337 2328 419 2374 nnus
455 2308 549 2374 honro
572 2308 727 2374 moriatur
750 2328 809 2391 pro
833 2309 960 2391 populo,
1002 2313 1036 2374 et
1058 2327 1119 2375 non
1144 2314 1212 2375 toln
1235 2328 1314 2392 gens
1336 2315 1456 2392 percat.
1491 2314 1542 2379 51.
1566 2312 1641 2380 Hoc

335 2420 442 2481 autem
481 2432 558 2479 ase
593 2416 663 2495 ipso
699 2434 760 2479 uon
796 2413 931 2493 dicebat,
971 2415 1027 2480 sed
1058 2434 1128 2479 cum
1153 2421 1238 2482 esset
1262 2416 1408 2497 princeps
1432 2416 1638 2483 sacerdotum

334 2519 408 2584 anni
432 2517 529 2601 illius,
553 2518 770 2601 prophetauit,
796 2520 871 2600 quia
884 2520 998 2602 incipit
1020 2520 1116 2587 Jesus
1140 2521 1222 2586 mori
1247 2538 1302 2602 prro
1327 2526 1432 2603 gente,
1457 2523 1507 2589 52.
1524 2526 1557 2587 et
1573 2540 1637 2587 non

333 2630 456 2689 tautum
481 2641 538 2704 pro
570 2629 706 2705 gentem,
741 2625 799 2689 sed
832 2631 867 2689 ιιι
891 2622 972 2689 tilios
997 2624 1060 2703 dei,
1083 2624 1136 2706 qui
1161 2632 1237 2691 suut
1260 2626 1408 2707 dispersi,
1449 2626 1581 2709 colligat
1605 2628 1635 2691 iu

333 2748 439 2794 uuum.
464 2728 515 2794 53.
532 2728 579 2793 Ab
604 2728 658 2791 illo
674 2746 750 2810 ergo
763 2728 815 2793 die
827 2730 1060 2812 cogitauerunt,
1076 2733 1111 2793 ut
1125 2728 1344 2795 interficerent
1367 2748 1447 2796 eum.
1471 2733 1522 2798 54.
1538 2730 1637 2797 lesus

331 2852 407 2916 ergo
430 2833 492 2898 iam
516 2852 578 2899 non
601 2832 707 2914 palam
732 2833 916 2902 ambulabat
946 2839 1024 2918 aprut
1045 2834 1197 2915 ludaeos
1233 2836 1289 2902 sed
1313 2836 1393 2902 abiit
1415 2836 1448 2901 iu
1472 2838 1635 2920 regionem

332 2938 535 3021 longinquam
560 2939 648 3003 iuxta
671 2939 831 3004 desertum
857 2939 888 3004 in
913 2940 1088 3021 ciuitatem,
1127 2959 1208 3022 qnae
1233 2941 1351 3006 dieitur
1374 2941 1494 3018 lilrern,
1534 2948 1566 3008 el
1589 2944 1634 3009 ibi

333 3045 515 3110 morabatur
539 3061 609 3108 curn
632 3043 800 3127 discipulis
824 3045 901 3108 suis.
933 3044 984 3112 55.
1009 3045 1188 3111 Proximum
1212 3050 1318 3111 autern
1341 3053 1410 3112 erat
1434 3047 1554 3130 pascha
1576 3049 1635 3114 Ju-

334 3151 494 3215 dacorum.
520 3147 745 3214 Ascendo-unc
761 3166 837 3232 ergo
852 3149 944 3213 multi
963 3149 1185 3232 Hierosolyma
1210 3152 1249 3216 de
1263 3151 1392 3232 regione
1416 3157 1489 3220 ante
1505 3151 1633 3234 pascha,

332 3261 367 3320 ιιι
400 3250 638 3320 sanctificarent
678 3272 714 3318 se
744 3255 841 3335 ipsos.
887 3255 938 3320 56.
982 3255 1189 3332 Quaerebant
1211 3275 1287 3338 ergo
1310 3255 1432 3338 lesum,
1471 3261 1504 3321 et
1528 3257 1633 3324 conlo-

333 3360 514 3441 quebantur
546 3358 628 3425 alius
663 3360 702 3423 ad
738 3359 833 3424 alium
868 3358 899 3423 in
935 3359 1054 3442 templo
1089 3363 1211 3426 stantes
1242 3367 1275 3425 et
1311 3360 1469 3428 dicentes:
1510 3363 1634 3429 Putatis

330 3465 405 3545 quia
429 3482 490 3530 nou
507 3464 647 3528 uenitarl
666 3463 748 3529 diem
772 3464 910 3531 tostum?
930 3465 1091 3530 Dederuut
1115 3471 1221 3530 autem
1245 3465 1406 3547 principes
1429 3467 1632 3534 sacerdotum

330 3573 362 3632 et
384 3569 547 3634 Pharisaei
571 3575 784 3653 praeceptura,
821 3575 856 3635 ut
886 3572 915 3636 si
945 3569 1016 3652 quis
1046 3569 1232 3651 cogrrouerit
1257 3569 1310 3635 ubi
1341 3571 1393 3654 sit,
1432 3575 1467 3638 ut
1502 3570 1632 3652 indicet,

331 3678 364 3739 et
398 3674 648 3756 adprehendant.

435 3883 519 3952 ΧΠ.
544 3890 571 3952 1.
604 3887 701 3952 Jesus
725 3905 800 3968 ergo
824 3891 898 3952 aute
921 3904 975 3951 sex
999 3887 1067 3952 dies
1093 3888 1227 3969 paschae
1251 3888 1340 3952 uenit
1364 3885 1551 3952 Bethaniam
1577 3887 1632 3952 ubi

332 3995 401 4056 arat
432 3990 581 4070 Lazarus,
610 3991 664 4076 qui
688 3991 750 4058 luit
771 3996 924 4071 mortuus,
949 4009 1041 4076 quent
1065 3993 1242 4057 suscitarit.
1268 3995 1296 4056 2.
1323 3991 1481 4056 Fecerunt
1503 4009 1577 4074 ergo
1602 3993 1630 4058 ei

332 4113 441 4160 cenam
463 4094 526 4182 ibi,
550 4103 583 4162 et
614 4097 742 4163 Martha
771 4096 981 4178 ministrabat,
1013 4101 1046 4162 et
1068 4097 1209 4163 Lazarus
1234 4115 1315 4161 uirus
1339 4103 1409 4161 erat
1431 4115 1468 4160 ex
1493 4096 1630 4162 discum·

331 4200 481 4268 bentibus
512 4221 582 4267 cum
604 4220 651 4268 eo.
690 4206 719 4269 3.
745 4202 849 4267 Murio
872 4204 980 4284 itaqua
1005 4203 1129 4282 accepit
1151 4201 1264 4266 libram
1290 4203 1441 4283 urguenti
1466 4199 1574 4283 pistici
1597 4210 1631 4270 ot

332 4307 424 4371 unxit
447 4307 545 4387 perles
568 4306 646 4374 Jesu
670 4313 703 4373 rt
726 4309 859 4374 extersit
882 4307 1006 4390 capillis
1030 4307 1097 4372 suis
1114 4307 1212 4388 pedes
1228 4307 1307 4385 eius,
1331 4307 1631 4390 etdomnsimpleta

327 4416 376 4475 est
406 4430 446 4475 ex
477 4413 575 4478 odora
604 4413 768 4497 unguenti.
814 4414 843 4478 4.
875 4411 918 4476 Et
940 4413 1018 4478 dicit
1051 4430 1132 4478 uuus
1155 4429 1194 4477 ex
1217 4411 1383 4494 discipulis
1409 4412 1487 4492 eius,
1525 4411 1629 4480 Judas

327 4515 435 4581 Simon
459 4516 629 4597 ScarioteS,
654 4518 706 4600 qui
730 4517 904 4600 incipiebat
928 4537 998 4582 eum
1015 4519 1163 4584 tradere:
1188 4519 1217 4583 5.
1235 4517 1340 4596 Quare
1356 4518 1416 4584 hoc
1432 4523 1629 4599 unguentum

327 4638 389 4685 nou
414 4622 514 4687 ueniit
536 4622 676 4690 denariis
699 4622 788 4687 CCC.
824 4628 857 4688 et
881 4624 989 4688 datum
1019 4629 1068 4688 est
1090 4623 1311 4708 pauperibus?
1356 4625 1385 4690 6.
1410 4622 1501 4690 Dixit
1523 4627 1628 4690 autern

330 4727 400 4804 hoc,
413 4744 474 4791 non
487 4728 561 4808 cruia
574 4727 613 4793 de
629 4729 821 4810 pauperibus
834 4729 1016 4809 pertinebat
1031 4728 1070 4793 ad
1086 4746 1168 4807 artur,
1194 4729 1249 4792 sed
1271 4727 1345 4809 quia
1361 4727 1412 4794 fur
1436 4734 1505 4794 erat
1528 4733 1561 4794 et
1584 4729 1628 4793 lo·

332 4831 421 4897 crrlos
443 4830 590 4912 habebat,
626 4836 657 4896 ct
680 4851 762 4914 quae
786 4833 991 4897 mittebantur
1016 4833 1211 4915 exportabat.
1248 4833 1276 4898 7.
1303 4832 1391 4900 Dixit
1414 4849 1489 4915 crgo
1512 4831 1624 4900 lasus:
