3625 5775
200 511 228 562 C.
251 517 273 562 d.
576 508 756 577 Eiraogoliuro
776 508 926 563 secuudum
947 509 1111 565 Jobaunem.
1458 516 1495 580 51

199 722 286 787 misit
318 720 382 800 ille,
420 721 493 786 lruio
524 739 581 786 uos
612 738 674 785 non
698 717 838 786 creditis.
884 721 936 785 39.
960 717 1108 785 Scrutate
1132 722 1317 804 scripturas,
1352 724 1499 803 quoniam

199 826 320 911 putatis
354 846 412 891 uos
449 824 480 890 io
515 826 594 907 ipsis
628 826 727 893 uitam
762 829 924 891 aeternam
960 824 1088 908 babere,
1127 831 1159 891 et
1182 826 1271 909 ipsae
1293 832 1378 904 eunt,
1419 846 1529 910 quae·

201 931 421 999 testimonium
446 930 616 1014 perhibent
640 931 678 996 de
701 949 761 1013 me,
796 932 828 995 iu
852 930 966 1013 quibus
990 931 1112 1013 putatis
1146 948 1205 996 uos
1239 931 1338 997 uitam
1372 931 1499 1018 habere,

198 1039 277 1105 haec
311 1040 395 1117 suot,
431 1054 513 1117 quoe
547 1033 759 1102 testificantur
793 1035 832 1101 de
855 1054 916 1112 me,
950 1037 1002 1101 40.
1027 1039 1060 1100 et
1093 1053 1155 1100 non
1191 1035 1290 1101 uultis
1323 1039 1436 1105 uenire
1460 1038 1501 1102 ad

197 1160 259 1222 rue,
296 1147 330 1207 ut
362 1141 459 1206 uitam
495 1139 650 1206 babeatis.
696 1142 748 1205 41.
788 1140 951 1205 Honorem
988 1140 1028 1205 ab
1060 1139 1241 1207 hominibus
1277 1160 1339 1209 non
1376 1142 1498 1225 accipio

199 1249 250 1314 42.
277 1246 339 1312 Sed
374 1247 506 1329 cognoui
543 1266 611 1324 uos,
650 1245 798 1325 quoniam
832 1263 893 1309 non
928 1244 1054 1311 habetis
1077 1246 1243 1312 ceritatem
1267 1245 1319 1313 dei
1342 1248 1375 1313 in
1398 1248 1498 1313 uobis.

198 1354 251 1418 43.
274 1352 343 1434 Ego
379 1357 451 1415 ueni
486 1351 516 1415 io
541 1350 667 1417 nornine
690 1349 792 1432 patris
815 1350 886 1427 mei,
925 1356 958 1416 et
981 1369 1043 1416 noo
1069 1352 1238 1434 accepistis
1261 1367 1327 1431 me;
1366 1353 1393 1417 si
1417 1352 1501 1418 alios

197 1457 323 1522 uenerit
345 1459 378 1521 in
401 1457 528 1521 nomine
551 1474 618 1532 suo,
643 1454 731 1519 illum
757 1454 909 1536 recipitis.
932 1456 984 1520 44.
1010 1455 1174 1533 Quomodo
1197 1458 1334 1539 potestis
1358 1475 1416 1522 uos
1433 1474 1499 1521 cre-

199 1563 284 1641 dere,
323 1564 375 1643 qui
408 1560 561 1627 honorem
595 1560 634 1626 ab
658 1560 794 1625 inuicem
817 1560 998 1641 accepistis,
1035 1565 1069 1625 et
1090 1561 1244 1626 honorem
1267 1562 1345 1642 eius,
1369 1562 1424 1644 qui
1448 1567 1498 1628 est

199 1668 296 1747 solus,
321 1687 381 1733 noo
406 1665 587 1749 quaeritis?
610 1666 660 1730 45.
683 1663 792 1730 Nolite
817 1669 939 1746 putare,
963 1665 1112 1747 quoniam
1135 1684 1194 1748 ego
1207 1685 1264 1733 uos
1280 1673 1357 1749 aput
1375 1673 1500 1748 patrem

199 1772 366 1851 accusabo,
380 1770 495 1853 estqui
509 1771 564 1836 bos
577 1774 704 1835 accuset
717 1769 853 1853 Moyses
871 1770 902 1833 io
920 1788 1013 1850 qoem
1026 1788 1084 1837 uos
1096 1772 1260 1854 sperastis.
1285 1774 1339 1840 46.
1362 1770 1396 1837 Si
1413 1773 1497 1837 enim

198 1876 499 1958 crederetisblopsi,
516 1874 690 1941 crederetis
708 1873 841 1941 forsitan
865 1880 898 1939 et
920 1874 1016 1953 mibi;
1041 1875 1080 1941 de
1102 1893 1153 1942 me
1175 1875 1257 1943 enirn
1282 1876 1336 1942 ille
1359 1877 1499 1960 scripsit.

195 1984 246 2049 47.
271 1981 352 2046 Nam
377 1982 405 2047 si
429 1980 515 2045 illius
539 1980 656 2046 litteris
683 1999 745 2046 oon
769 1978 910 2060 creditis,
934 1980 1090 2062 quomodo
1113 1978 1221 2047 uerbis
1245 1982 1498 2049 meiscredetis?

298 2187 362 2257 vl.
405 2193 430 2255 1.
457 2191 533 2256 Post
567 2189 645 2255 baec
677 2186 756 2255 abiit
787 2190 883 2255 lesus
921 2195 1010 2256 trans
1033 2208 1120 2256 inore
1143 2189 1307 2257 Galilaeae
1331 2193 1362 2257 iu
1385 2199 1496 2275 partes

194 2295 382 2361 Tiberiadis.
406 2298 435 2360 2.
454 2293 651 2378 Sequebatur
675 2296 779 2359 autem
804 2312 874 2359 eum
900 2294 1116 2373 turbamulta,
1141 2297 1216 2377 quia
1231 2294 1382 2361 uidebant
1394 2297 1496 2381 signa,

193 2418 275 2481 quae
298 2400 436 2466 iaciebat
468 2400 507 2463 de
539 2397 726 2464 infirmibus.
772 2400 802 2465 3.
829 2399 983 2465 Ascendit
1005 2417 1081 2480 ergo
1103 2398 1200 2465 Jesus
1224 2400 1256 2465 in
1279 2403 1429 2480 montem,
1463 2407 1497 2468 et

192 2503 236 2572 ibi
259 2505 392 2572 sedebat
416 2524 485 2572 cum
510 2503 678 2587 discipulis
702 2504 778 2569 suis.
815 2490 854 2568 d.
878 2502 959 2569 Erat
992 2509 1097 2569 aulem
1132 2505 1165 2570 in
1189 2506 1333 2587 proximo
1363 2505 1495 2590 pascha,

191 2611 261 2677 dice
285 2610 385 2676 festus
409 2608 614 2679 ludaeorum.
637 2610 667 2675 5.
681 2608 826 2673 Eleuatis
849 2626 925 2691 ergo
949 2610 1049 2674 oculis
1073 2608 1181 2689 lesus,
1204 2630 1243 2675 eo
1258 2610 1343 2692 quod
1360 2611 1496 2677 uidisset

191 2714 267 2796 quia
289 2715 383 2779 turba
415 2734 527 2797 riragna
559 2715 682 2779 ueniret
707 2714 748 2778 ad
771 2731 814 2794 se,
847 2714 893 2778 ait
916 2712 1079 2797 Philippo:
1116 2713 1208 2779 Unde
1230 2715 1363 2781 emimus
1389 2735 1494 2798 pianes,

191 2824 226 2885 ut
249 2819 441 2885 inanducent
466 2819 543 2885 isti?
567 2822 596 2885 6.
622 2818 708 2884 llaec
731 2825 836 2884 aulem
860 2818 995 2898 dicebat,
1019 2824 1180 2901 temptans
1205 2836 1293 2898 cum3
1319 2820 1387 2904 ipse
1410 2822 1494 2887 enim

188 2925 319 3004 sciebat,
353 2925 427 3008 quid
451 2931 537 2991 esset
559 2925 710 2990 lecturus.
746 2926 775 2989 7.
807 2925 984 3008 Respondit
1008 2925 1036 2988 ei
1061 2923 1237 3008 Philippus,
1267 2925 1395 2992 dicens:
1435 2925 1493 2991 du·

189 3031 294 3096 centis
329 3030 469 3096 denariis
506 3050 602 3114 panes
638 3049 699 3096 nou
730 3027 890 3095 sufficient
922 3031 978 3104 eis,
1016 3036 1053 3095 ut
1083 3029 1304 3110 unusquisque
1334 3029 1492 3097 modicum

190 3133 336 3218 accipiat.
374 3138 404 3201 8.
429 3134 515 3201 llicit
542 3135 571 3199 ei
595 3149 678 3200 unus
701 3153 739 3198 ex
764 3133 931 3214 discipulis
954 3133 1032 3211 sule,
1063 3133 1209 3200 Andreas
1231 3132 1333 3199 irater
1354 3133 1493 3202 Simonis

193 3241 295 3306 Petri:
334 3241 363 3307 9.
387 3239 447 3306 Est
470 3239 521 3305 bio
547 3257 633 3320 puer,
669 3240 724 3320 qui
749 3238 847 3304 babet
871 3239 1009 3322 quinque
1032 3254 1133 3320 panes
1154 3236 1333 3304 hordiacios
1357 3245 1390 3306 et
1412 3242 1493 3308 duos

190 3347 308 3427 pisces;
343 3345 401 3412 sed
424 3343 502 3409 haec
526 3344 601 3426 quid
624 3348 701 3411 suut
723 3343 754 3408 in
778 3344 910 3412 tantos?
937 3345 983 3410 10.
1009 3341 1099 3410 Dixit
1123 3347 1227 3410 autem
1247 3343 1358 3411 iesus:
1383 3344 1493 3412 Facite

189 3451 331 3517 homines
356 3449 564 3517 discumbere.
589 3451 668 3515 Erat
691 3455 796 3516 autem
819 3449 990 3531 plurimum
1014 3447 1141 3514 foenum
1165 3449 1196 3513 in
1220 3448 1275 3516 illo
1298 3449 1378 3516 loco.
1417 3450 1490 3517 Dis·

190 3554 367 3622 cubuerunt
390 3575 465 3639 ergo
490 3555 562 3636 uiri,
587 3573 717 3622 numero
741 3555 869 3622 circiter
892 3555 1032 3637 quiaque
1047 3553 1144 3618 milia.
1173 3556 1219 3619 ll.
1238 3554 1369 3639 Accepit
1383 3562 1489 3621 autom

189 3679 292 3745 panes
317 3659 412 3728 lesus
446 3665 479 3725 et
502 3663 622 3744 gratias
645 3662 710 3742 egit
733 3664 767 3724 et
790 3661 878 3726 dedit
902 3659 1068 3742 discipulis
1098 3658 1175 3737 suis,
1213 3659 1361 3741 discipuli
1384 3665 1490 3726 autem

190 3767 473 3846 discumbentibus,
511 3765 658 3832 similiter
690 3763 924 3831 distribuerunt
946 3770 979 3829 et
1001 3764 1042 3829 de
1064 3763 1206 3847 piscibus
1229 3770 1381 3846 quantum
1404 3765 1491 3832 uole-

188 3871 273 3936 bant.
301 3872 348 3936 12.
373 3872 423 3936 Ad
447 3871 500 3938 ubi
524 3873 658 3938 saturati
682 3876 767 3948 sunt,
792 3869 873 3936 dixit
889 3869 1071 3951 discipulis:
1097 3869 1256 3953 colligite,
1280 3889 1361 3953 quae
1379 3889 1491 3955 super·

188 3979 263 4043 sunt
293 3975 480 4059 fragmenta,
518 3996 557 4041 ne
590 3977 665 4058 quid
696 3994 735 4040 ex
758 3975 821 4040 illis
845 3980 965 4056 pereat.
1015 3977 1063 4040 13.
1100 3973 1305 4056 Collegerunt
1328 3981 1433 4044 autem
1458 3983 1490 4044 et

189 4081 404 4164 impleuerant
436 4081 509 4147 Xll.
535 4082 688 4163 cophinos
712 4080 959 4163 fragmentorum
992 4079 1032 4145 da
1055 4081 1194 4163 quinque
1219 4080 1352 4161 panibus
1375 4081 1488 4146 horde-

185 4187 274 4264 aciis,
297 4205 379 4268 quae
397 4199 631 4269 superauerunt
648 4188 705 4266 eis,
728 4185 783 4268 qui
807 4186 1085 4251 manducouerant.
1115 4187 1161 4250 ld.
1185 4185 1237 4250 Illi
1254 4204 1328 4268 ergo
1344 4186 1487 4253 homiues

185 4310 256 4357 cum
280 4290 437 4358 uidissent
460 4293 593 4375 signum,
619 4291 701 4375 quod
724 4290 811 4370 fecit,
850 4289 1013 4358 dicebant:
1055 4289 1116 4354 llio
1145 4297 1195 4356 est
1218 4309 1294 4356 uere
1317 4292 1485 4375 propheta,

184 4398 293 4481 quiin
317 4396 399 4464 bunc
424 4398 572 4464 muudum
598 4405 752 4467 uenturus
775 4401 833 4464 ost.
874 4396 920 4461 15.
950 4395 1047 4460 Jesus
1071 4413 1146 4480 ergo
1169 4397 1285 4472 sciens,
1312 4399 1386 4480 quia
1409 4398 1487 4464 inci-

183 4503 272 4585 pient
301 4502 413 4568 turbae
443 4504 554 4569 uenire
589 4508 621 4569 et
644 4523 757 4588 rapere
780 4521 852 4569 eum
876 4508 912 4569 ιιι
935 4501 1076 4567 lacerent
1100 4520 1171 4566 eum
1195 4519 1312 4584 regem,
1352 4505 1486 4569 secessit

184 4607 300 4674 iterum
326 4609 356 4672 in
381 4615 521 4675 montem
547 4611 643 4677 solus.
684 4612 733 4676 16.
758 4609 836 4674 Cous
861 4612 967 4674 aulem
991 4623 1128 4690 uespere
1152 4605 1271 4673 lactum
1294 4614 1390 4684 esset,
1414 4608 1486 4675 des-

183 4714 358 4779 cenderunt
383 4713 532 4797 discipuli
557 4716 625 4780 eius
648 4715 690 4782 ad
713 4733 808 4779 mare.
844 4716 893 4779 ll.
918 4714 961 4778 Et
984 4713 1194 4779 ascendeutes
1216 4712 1405 4792 nauiculam,
1429 4733 1479 4778 ue·

181 4815 312 4884 aiebant
333 4822 423 4883 trans
448 4835 533 4883 inore
556 4819 588 4882 in
611 4817 810 4910 Calarnaum,
837 4825 868 4882 ot
891 4835 962 4883 cum
987 4817 1048 4882 iam
1073 4816 1225 4885 tenebrae
1248 4817 1483 4898 lactaeessent,

1290 4955 1323 5009 4*
