<?xml version="1.0" encoding="UTF-8"?>
<!DOCTYPE html PUBLIC "-//W3C//DTD XHTML 1.0 Transitional//EN"
    "http://www.w3.org/TR/xhtml1/DTD/xhtml1-transitional.dtd">
<html xmlns="http://www.w3.org/1999/xhtml" xml:lang="en" lang="en">
 <head>
  <title>
</title>
<meta http-equiv="Content-Type" content="text/html;charset=utf-8" />
  <meta name='ocr-system' content='tesseract 3.04.00' />
  <meta name='ocr-capabilities' content='ocr_page ocr_carea ocr_par ocr_line ocrx_word'/>
</head>
<body>
  <div class='ocr_page' id='page_1' title='image "./codexveronensis00italgoog_0063.png"; bbox 0 0 3625 5775; ppageno 0'>
   <div class='ocr_carea' id='block_1_1' title="bbox 191 542 1486 625">
    <p class='ocr_par' dir='ltr' id='par_1_1' title="bbox 191 542 1486 625">
     <span class='ocr_line' id='line_1_1' title="bbox 191 542 1486 625; baseline -0.001 -20"><span class='ocrx_word' id='word_1_1' title='bbox 191 542 220 605; x_wconf 82' lang='lat' dir='ltr'>t.</span> <span class='ocrx_word' id='word_1_2' title='bbox 237 548 262 601; x_wconf 78' lang='grc'>1.</span> <span class='ocrx_word' id='word_1_3' title='bbox 582 543 761 620; x_wconf 77' lang='lat' dir='ltr'>Euangellum</span> <span class='ocrx_word' id='word_1_4' title='bbox 781 544 933 605; x_wconf 75' lang='lat' dir='ltr'>seeundum</span> <span class='ocrx_word' id='word_1_5' title='bbox 950 545 1114 607; x_wconf 73' lang='lat' dir='ltr'>iohannem.</span> <span class='ocrx_word' id='word_1_6' title='bbox 1443 553 1486 625; x_wconf 80' lang='lat'>55</span> 
     </span>
    </p>
   </div>
   <div class='ocr_carea' id='block_1_2' title="bbox 190 757 1494 3555">
    <p class='ocr_par' dir='ltr' id='par_1_2' title="bbox 190 757 1494 3555">
     <span class='ocr_line' id='line_1_2' title="bbox 190 757 1487 843; baseline 0.008 -20"><span class='ocrx_word' id='word_1_7' title='bbox 190 758 273 824; x_wconf 89' lang='lat' dir='ltr'>unda</span> <span class='ocrx_word' id='word_1_8' title='bbox 289 760 348 841; x_wconf 87' lang='lat' dir='ltr'>sit;</span> <span class='ocrx_word' id='word_1_9' title='bbox 372 757 535 825; x_wconf 76' lang='lat' dir='ltr'>Christum</span> <span class='ocrx_word' id='word_1_10' title='bbox 560 764 676 839; x_wconf 87' lang='lat' dir='ltr'>autern,</span> <span class='ocrx_word' id='word_1_11' title='bbox 700 778 769 827; x_wconf 91' lang='lat' dir='ltr'>cum</span> <span class='ocrx_word' id='word_1_12' title='bbox 794 762 930 843; x_wconf 82' lang='lat' dir='ltr'>uenerit,</span> <span class='ocrx_word' id='word_1_13' title='bbox 954 782 1047 831; x_wconf 86' lang='lat' dir='ltr'>usuro</span> <span class='ocrx_word' id='word_1_14' title='bbox 1070 764 1131 830; x_wconf 84' lang='lat' dir='ltr'>seit</span> <span class='ocrx_word' id='word_1_15' title='bbox 1155 764 1238 830; x_wconf 88' lang='lat' dir='ltr'>unde</span> <span class='ocrx_word' id='word_1_16' title='bbox 1261 765 1313 831; x_wconf 87' lang='lat' dir='ltr'>ait.</span> <span class='ocrx_word' id='word_1_17' title='bbox 1338 766 1389 833; x_wconf 80' lang='grc'><strong>28.</strong></span> <span class='ocrx_word' id='word_1_18' title='bbox 1414 764 1487 833; x_wconf 84' lang='lat' dir='ltr'>Cla·</span> 
     </span>
     <span class='ocr_line' id='line_1_3' title="bbox 191 862 1491 947; baseline 0.005 -18"><span class='ocrx_word' id='word_1_19' title='bbox 191 862 298 929; x_wconf 84' lang='lat' dir='ltr'>mahat</span> <span class='ocrx_word' id='word_1_20' title='bbox 331 864 430 946; x_wconf 82' lang='lat' dir='ltr'>igitur</span> <span class='ocrx_word' id='word_1_21' title='bbox 463 862 560 931; x_wconf 88' lang='lat' dir='ltr'>Jeeus</span> <span class='ocrx_word' id='word_1_22' title='bbox 594 864 626 930; x_wconf 92' lang='lat' dir='ltr'>in</span> <span class='ocrx_word' id='word_1_23' title='bbox 660 864 780 947; x_wconf 86' lang='lat' dir='ltr'>teurplo</span> <span class='ocrx_word' id='word_1_24' title='bbox 815 864 932 933; x_wconf 84' lang='lat' dir='ltr'>doeens</span> <span class='ocrx_word' id='word_1_25' title='bbox 965 872 1000 932; x_wconf 89' lang='grc'>91</span> <span class='ocrx_word' id='word_1_26' title='bbox 1028 867 1160 935; x_wconf 81' lang='lat' dir='ltr'>diceus:</span> <span class='ocrx_word' id='word_1_27' title='bbox 1196 868 1238 935; x_wconf 85' lang='lat' dir='ltr'>Et</span> <span class='ocrx_word' id='word_1_28' title='bbox 1272 888 1321 935; x_wconf 91' lang='lat' dir='ltr'>me</span> <span class='ocrx_word' id='word_1_29' title='bbox 1344 870 1434 938; x_wconf 85' lang='lat' dir='ltr'>scitia</span> <span class='ocrx_word' id='word_1_30' title='bbox 1457 876 1491 935; x_wconf 90' lang='lat' dir='ltr'>et</span> 
     </span>
     <span class='ocr_line' id='line_1_4' title="bbox 191 968 1490 1055; baseline 0.006 -22"><span class='ocrx_word' id='word_1_31' title='bbox 191 968 275 1034; x_wconf 89' lang='lat' dir='ltr'>unde</span> <span class='ocrx_word' id='word_1_32' title='bbox 297 969 357 1033; x_wconf 90' lang='lat' dir='ltr'>sim</span> <span class='ocrx_word' id='word_1_33' title='bbox 381 969 500 1047; x_wconf 82' lang='lat' dir='ltr'>nostis3</span> <span class='ocrx_word' id='word_1_34' title='bbox 527 986 584 1035; x_wconf 89' lang='grc'>999</span> <span class='ocrx_word' id='word_1_35' title='bbox 607 970 690 1035; x_wconf 88' lang='lat' dir='ltr'>enirn</span> <span class='ocrx_word' id='word_1_36' title='bbox 714 989 734 1034; x_wconf 94' lang='lat' dir='ltr'>a</span> <span class='ocrx_word' id='word_1_37' title='bbox 757 988 806 1035; x_wconf 89' lang='lat' dir='ltr'>me</span> <span class='ocrx_word' id='word_1_38' title='bbox 830 972 916 1055; x_wconf 89' lang='lat' dir='ltr'>uerri,</span> <span class='ocrx_word' id='word_1_39' title='bbox 940 972 995 1037; x_wconf 90' lang='grc'>991</span> <span class='ocrx_word' id='word_1_40' title='bbox 1020 979 1072 1037; x_wconf 90' lang='grc'>991</span> <span class='ocrx_word' id='word_1_41' title='bbox 1093 991 1199 1051; x_wconf 81' lang='lat' dir='ltr'>uorax,</span> <span class='ocrx_word' id='word_1_42' title='bbox 1232 976 1286 1055; x_wconf 92' lang='lat' dir='ltr'>qui</span> <span class='ocrx_word' id='word_1_43' title='bbox 1316 975 1490 1055; x_wconf 81' lang='lat' dir='ltr'>meminit,</span> 
     </span>
     <span class='ocr_line' id='line_1_5' title="bbox 191 1074 1490 1157; baseline 0.004 -18"><span class='ocrx_word' id='word_1_44' title='bbox 191 1090 282 1154; x_wconf 92' lang='lat' dir='ltr'>quem</span> <span class='ocrx_word' id='word_1_45' title='bbox 307 1092 364 1139; x_wconf 89' lang='grc'>999</span> <span class='ocrx_word' id='word_1_46' title='bbox 387 1074 550 1156; x_wconf 84' lang='lat' dir='ltr'>ignoratis.</span> <span class='ocrx_word' id='word_1_47' title='bbox 595 1074 646 1139; x_wconf 78' lang='grc'>29.</span> <span class='ocrx_word' id='word_1_48' title='bbox 670 1075 738 1157; x_wconf 80' lang='lat' dir='ltr'>Ego</span> <span class='ocrx_word' id='word_1_49' title='bbox 762 1080 868 1141; x_wconf 89' lang='lat' dir='ltr'>autem</span> <span class='ocrx_word' id='word_1_50' title='bbox 893 1077 970 1141; x_wconf 91' lang='lat' dir='ltr'>uoui</span> <span class='ocrx_word' id='word_1_51' title='bbox 993 1076 1092 1155; x_wconf 87' lang='lat' dir='ltr'>illum,</span> <span class='ocrx_word' id='word_1_52' title='bbox 1124 1077 1271 1157; x_wconf 75' lang='lat' dir='ltr'>«quoniam</span> <span class='ocrx_word' id='word_1_53' title='bbox 1295 1080 1334 1143; x_wconf 88' lang='lat' dir='ltr'>ab</span> <span class='ocrx_word' id='word_1_54' title='bbox 1358 1098 1397 1145; x_wconf 90' lang='lat' dir='ltr'>eo</span> <span class='ocrx_word' id='word_1_55' title='bbox 1420 1099 1490 1146; x_wconf 90' lang='lat' dir='ltr'>sum</span> 
     </span>
     <span class='ocr_line' id='line_1_6' title="bbox 190 1176 1490 1263; baseline 0.005 -20"><span class='ocrx_word' id='word_1_56' title='bbox 190 1184 223 1243; x_wconf 91' lang='lat' dir='ltr'>et</span> <span class='ocrx_word' id='word_1_57' title='bbox 245 1179 314 1261; x_wconf 89' lang='lat' dir='ltr'>ipse</span> <span class='ocrx_word' id='word_1_58' title='bbox 336 1196 387 1243; x_wconf 88' lang='lat' dir='ltr'>me</span> <span class='ocrx_word' id='word_1_59' title='bbox 409 1177 505 1244; x_wconf 83' lang='lat' dir='ltr'><strong>misit.</strong></span> <span class='ocrx_word' id='word_1_60' title='bbox 544 1176 594 1243; x_wconf 88' lang='lat'>30.</span> <span class='ocrx_word' id='word_1_61' title='bbox 621 1176 827 1255; x_wconf 79' lang='lat' dir='ltr'>Quaerebant</span> <span class='ocrx_word' id='word_1_62' title='bbox 849 1179 949 1262; x_wconf 83' lang='lat' dir='ltr'>igitur</span> <span class='ocrx_word' id='word_1_63' title='bbox 970 1197 1042 1245; x_wconf 89' lang='lat' dir='ltr'>eum</span> <span class='ocrx_word' id='word_1_64' title='bbox 1065 1180 1317 1263; x_wconf 77' lang='lat' dir='ltr'>adprehendere,</span> <span class='ocrx_word' id='word_1_65' title='bbox 1341 1186 1374 1249; x_wconf 90' lang='lat' dir='ltr'>et</span> <span class='ocrx_word' id='word_1_66' title='bbox 1397 1188 1490 1250; x_wconf 88' lang='grc'><strong>99919</strong></span> 
     </span>
     <span class='ocr_line' id='line_1_7' title="bbox 191 1282 1492 1364; baseline 0.005 -17"><span class='ocrx_word' id='word_1_67' title='bbox 191 1282 301 1351; x_wconf 84' lang='lat' dir='ltr'>iniecit</span> <span class='ocrx_word' id='word_1_68' title='bbox 322 1302 434 1349; x_wconf 90' lang='lat' dir='ltr'>manus</span> <span class='ocrx_word' id='word_1_69' title='bbox 457 1284 490 1347; x_wconf 88' lang='lat' dir='ltr'>in</span> <span class='ocrx_word' id='word_1_70' title='bbox 513 1282 612 1364; x_wconf 87' lang='lat' dir='ltr'>illurn,</span> <span class='ocrx_word' id='word_1_71' title='bbox 636 1285 711 1364; x_wconf 90' lang='lat' dir='ltr'>quia</span> <span class='ocrx_word' id='word_1_72' title='bbox 733 1284 872 1349; x_wconf 92' lang='lat' dir='ltr'>nondum</span> <span class='ocrx_word' id='word_1_73' title='bbox 895 1289 1030 1349; x_wconf 90' lang='lat' dir='ltr'>uenerat</span> <span class='ocrx_word' id='word_1_74' title='bbox 1052 1284 1132 1350; x_wconf 85' lang='lat' dir='ltr'>horu</span> <span class='ocrx_word' id='word_1_75' title='bbox 1147 1287 1226 1353; x_wconf 90' lang='lat' dir='ltr'>eius.</span> <span class='ocrx_word' id='word_1_76' title='bbox 1251 1287 1303 1350; x_wconf 85' lang='lat'>31.</span> <span class='ocrx_word' id='word_1_77' title='bbox 1328 1287 1377 1352; x_wconf 80' lang='lat' dir='ltr'>Ex</span> <span class='ocrx_word' id='word_1_78' title='bbox 1398 1289 1492 1354; x_wconf 83' lang='lat' dir='ltr'>turba</span> 
     </span>
     <span class='ocr_line' id='line_1_8' title="bbox 190 1385 1491 1471; baseline 0.005 -19"><span class='ocrx_word' id='word_1_79' title='bbox 190 1394 297 1453; x_wconf 87' lang='lat' dir='ltr'>autem</span> <span class='ocrx_word' id='word_1_80' title='bbox 319 1386 412 1451; x_wconf 90' lang='lat' dir='ltr'>multi</span> <span class='ocrx_word' id='word_1_81' title='bbox 436 1385 642 1452; x_wconf 85' lang='lat' dir='ltr'>crediderunt</span> <span class='ocrx_word' id='word_1_82' title='bbox 664 1386 696 1451; x_wconf 93' lang='lat' dir='ltr'>iu</span> <span class='ocrx_word' id='word_1_83' title='bbox 721 1406 793 1451; x_wconf 93' lang='lat' dir='ltr'>eum</span> <span class='ocrx_word' id='word_1_84' title='bbox 816 1392 850 1452; x_wconf 86' lang='grc'>91</span> <span class='ocrx_word' id='word_1_85' title='bbox 872 1388 1042 1454; x_wconf 85' lang='lat' dir='ltr'>dicebaut:</span> <span class='ocrx_word' id='word_1_86' title='bbox 1074 1388 1225 1455; x_wconf 80' lang='lat' dir='ltr'>Christus</span> <span class='ocrx_word' id='word_1_87' title='bbox 1259 1410 1330 1456; x_wconf 87' lang='lat' dir='ltr'>ourn</span> <span class='ocrx_word' id='word_1_88' title='bbox 1354 1395 1491 1471; x_wconf 80' lang='lat' dir='ltr'>uenerit,</span> 
     </span>
     <span class='ocr_line' id='line_1_9' title="bbox 191 1489 1491 1574; baseline 0.003 -18"><span class='ocrx_word' id='word_1_89' title='bbox 191 1491 344 1574; x_wconf 83' lang='lat' dir='ltr'>nurrrquid</span> <span class='ocrx_word' id='word_1_90' title='bbox 362 1490 453 1574; x_wconf 88' lang='lat' dir='ltr'>plura</span> <span class='ocrx_word' id='word_1_91' title='bbox 468 1492 559 1573; x_wconf 85' lang='lat' dir='ltr'>sigua</span> <span class='ocrx_word' id='word_1_92' title='bbox 574 1489 671 1555; x_wconf 86' lang='lat' dir='ltr'>laniet</span> <span class='ocrx_word' id='word_1_93' title='bbox 686 1510 780 1571; x_wconf 88' lang='lat' dir='ltr'>quam</span> <span class='ocrx_word' id='word_1_94' title='bbox 796 1509 878 1572; x_wconf 89' lang='lat' dir='ltr'>quae</span> <span class='ocrx_word' id='word_1_95' title='bbox 894 1494 956 1556; x_wconf 89' lang='grc'><strong>1919</strong></span> <span class='ocrx_word' id='word_1_96' title='bbox 979 1490 1082 1559; x_wconf 76' lang='lat' dir='ltr'>feeit?</span> <span class='ocrx_word' id='word_1_97' title='bbox 1115 1493 1365 1560; x_wconf 62' lang='lat' dir='ltr'>saltauerunt</span> <span class='ocrx_word' id='word_1_98' title='bbox 1387 1514 1491 1562; x_wconf 85' lang='lat' dir='ltr'>aecer-</span> 
     </span>
     <span class='ocr_line' id='line_1_10' title="bbox 190 1596 1491 1684; baseline 0.002 -21"><span class='ocrx_word' id='word_1_99' title='bbox 190 1598 282 1665; x_wconf 87' lang='lat' dir='ltr'>dotes</span> <span class='ocrx_word' id='word_1_100' title='bbox 305 1600 338 1663; x_wconf 92' lang='lat' dir='ltr'>et</span> <span class='ocrx_word' id='word_1_101' title='bbox 369 1596 510 1661; x_wconf 85' lang='lat' dir='ltr'>Farisaei</span> <span class='ocrx_word' id='word_1_102' title='bbox 532 1596 683 1679; x_wconf 92' lang='lat' dir='ltr'>populum</span> <span class='ocrx_word' id='word_1_103' title='bbox 706 1598 929 1665; x_wconf 81' lang='lat' dir='ltr'>mussitantem</span> <span class='ocrx_word' id='word_1_104' title='bbox 959 1600 1108 1665; x_wconf 85' lang='lat' dir='ltr'>deeset</span> <span class='ocrx_word' id='word_1_105' title='bbox 1138 1600 1298 1665; x_wconf 90' lang='lat' dir='ltr'>miserunt</span> <span class='ocrx_word' id='word_1_106' title='bbox 1320 1602 1491 1684; x_wconf 87' lang='lat' dir='ltr'>ministros,</span> 
     </span>
     <span class='ocr_line' id='line_1_11' title="bbox 193 1701 1492 1789; baseline 0.003 -22"><span class='ocrx_word' id='word_1_107' title='bbox 193 1709 228 1767; x_wconf 95' lang='lat' dir='ltr'>ut</span> <span class='ocrx_word' id='word_1_108' title='bbox 250 1701 546 1783; x_wconf 82' lang='lat' dir='ltr'>adpraehenderent</span> <span class='ocrx_word' id='word_1_109' title='bbox 573 1719 654 1765; x_wconf 89' lang='lat' dir='ltr'>euru.</span> <span class='ocrx_word' id='word_1_110' title='bbox 701 1704 752 1768; x_wconf 88' lang='lat'>33.</span> <span class='ocrx_word' id='word_1_111' title='bbox 786 1703 876 1768; x_wconf 84' lang='lat' dir='ltr'>Dixit</span> <span class='ocrx_word' id='word_1_112' title='bbox 909 1706 1017 1768; x_wconf 91' lang='lat' dir='ltr'>autem</span> <span class='ocrx_word' id='word_1_113' title='bbox 1045 1702 1162 1770; x_wconf 87' lang='lat' dir='ltr'>Jesus:</span> <span class='ocrx_word' id='word_1_114' title='bbox 1199 1706 1303 1771; x_wconf 86' lang='lat' dir='ltr'>adhuc</span> <span class='ocrx_word' id='word_1_115' title='bbox 1340 1705 1492 1789; x_wconf 90' lang='lat' dir='ltr'>pusillum</span> 
     </span>
     <span class='ocr_line' id='line_1_12' title="bbox 190 1806 1491 1890; baseline 0 -16"><span class='ocrx_word' id='word_1_116' title='bbox 190 1813 316 1890; x_wconf 88' lang='lat' dir='ltr'>tempus</span> <span class='ocrx_word' id='word_1_117' title='bbox 340 1806 503 1873; x_wconf 88' lang='lat' dir='ltr'>uobiscum</span> <span class='ocrx_word' id='word_1_118' title='bbox 522 1822 602 1884; x_wconf 88' lang='lat' dir='ltr'>sum,</span> <span class='ocrx_word' id='word_1_119' title='bbox 627 1810 659 1871; x_wconf 91' lang='lat' dir='ltr'>et</span> <span class='ocrx_word' id='word_1_120' title='bbox 683 1807 765 1872; x_wconf 90' lang='lat' dir='ltr'>uado</span> <span class='ocrx_word' id='word_1_121' title='bbox 788 1808 828 1871; x_wconf 87' lang='lat' dir='ltr'>ad</span> <span class='ocrx_word' id='word_1_122' title='bbox 855 1825 938 1887; x_wconf 87' lang='lat' dir='ltr'>eum,</span> <span class='ocrx_word' id='word_1_123' title='bbox 961 1809 1015 1890; x_wconf 93' lang='lat' dir='ltr'>qui</span> <span class='ocrx_word' id='word_1_124' title='bbox 1038 1826 1088 1873; x_wconf 90' lang='lat' dir='ltr'>me</span> <span class='ocrx_word' id='word_1_125' title='bbox 1111 1810 1207 1874; x_wconf 90' lang='lat' dir='ltr'>misit.</span> <span class='ocrx_word' id='word_1_126' title='bbox 1253 1811 1304 1876; x_wconf 88' lang='lat'>34.</span> <span class='ocrx_word' id='word_1_127' title='bbox 1329 1809 1491 1888; x_wconf 82' lang='lat' dir='ltr'>Quaeritis</span> 
     </span>
     <span class='ocr_line' id='line_1_13' title="bbox 190 1910 1491 1997; baseline 0.003 -20"><span class='ocrx_word' id='word_1_128' title='bbox 190 1934 250 1991; x_wconf 86' lang='lat' dir='ltr'>me,</span> <span class='ocrx_word' id='word_1_129' title='bbox 274 1918 383 1977; x_wconf 89' lang='grc'><strong>91999</strong></span> <span class='ocrx_word' id='word_1_130' title='bbox 408 1910 588 1987; x_wconf 80' lang='lat' dir='ltr'>inuenietis,</span> <span class='ocrx_word' id='word_1_131' title='bbox 612 1916 645 1975; x_wconf 91' lang='lat' dir='ltr'>et</span> <span class='ocrx_word' id='word_1_132' title='bbox 668 1911 719 1975; x_wconf 87' lang='lat' dir='ltr'>uhi</span> <span class='ocrx_word' id='word_1_133' title='bbox 745 1930 804 1993; x_wconf 85' lang='lat' dir='ltr'>ego</span> <span class='ocrx_word' id='word_1_134' title='bbox 821 1930 900 1991; x_wconf 78' lang='lat' dir='ltr'>sunt,</span> <span class='ocrx_word' id='word_1_135' title='bbox 925 1931 982 1979; x_wconf 85' lang='lat' dir='ltr'>uos</span> <span class='ocrx_word' id='word_1_136' title='bbox 998 1916 1110 1980; x_wconf 90' lang='lat' dir='ltr'>uenire</span> <span class='ocrx_word' id='word_1_137' title='bbox 1125 1932 1186 1979; x_wconf 91' lang='lat' dir='ltr'>nou</span> <span class='ocrx_word' id='word_1_138' title='bbox 1199 1914 1344 1997; x_wconf 87' lang='lat' dir='ltr'>potestis.</span> <span class='ocrx_word' id='word_1_139' title='bbox 1367 1915 1491 1982; x_wconf 74' lang='grc'><strong>9991-</strong></span> 
     </span>
     <span class='ocr_line' id='line_1_14' title="bbox 191 2014 1492 2102; baseline 0.002 -19"><span class='ocrx_word' id='word_1_140' title='bbox 191 2018 305 2085; x_wconf 84' lang='grc'><strong>991991</strong></span> <span class='ocrx_word' id='word_1_141' title='bbox 334 2018 434 2099; x_wconf 79' lang='lat' dir='ltr'>igitur</span> <span class='ocrx_word' id='word_1_142' title='bbox 457 2014 573 2082; x_wconf 81' lang='lat' dir='ltr'>ludaei</span> <span class='ocrx_word' id='word_1_143' title='bbox 597 2015 802 2082; x_wconf 90' lang='lat' dir='ltr'>alterutrum:</span> <span class='ocrx_word' id='word_1_144' title='bbox 837 2016 901 2083; x_wconf 89' lang='lat' dir='ltr'>Ubi</span> <span class='ocrx_word' id='word_1_145' title='bbox 924 2017 975 2082; x_wconf 85' lang='lat' dir='ltr'>hie</span> <span class='ocrx_word' id='word_1_146' title='bbox 998 2020 1102 2085; x_wconf 89' lang='lat' dir='ltr'>iturus</span> <span class='ocrx_word' id='word_1_147' title='bbox 1125 2026 1185 2098; x_wconf 83' lang='lat' dir='ltr'>est,</span> <span class='ocrx_word' id='word_1_148' title='bbox 1219 2022 1378 2102; x_wconf 87' lang='lat' dir='ltr'>quianon</span> <span class='ocrx_word' id='word_1_149' title='bbox 1404 2021 1492 2086; x_wconf 86' lang='lat' dir='ltr'>inne·</span> 
     </span>
     <span class='ocr_line' id='line_1_15' title="bbox 191 2120 1493 2208; baseline 0.003 -20"><span class='ocrx_word' id='word_1_150' title='bbox 191 2126 312 2189; x_wconf 82' lang='lat' dir='ltr'>niernus</span> <span class='ocrx_word' id='word_1_151' title='bbox 348 2122 444 2188; x_wconf 83' lang='lat' dir='ltr'>eum?</span> <span class='ocrx_word' id='word_1_152' title='bbox 488 2120 648 2203; x_wconf 87' lang='lat' dir='ltr'>Numquid</span> <span class='ocrx_word' id='word_1_153' title='bbox 680 2122 711 2186; x_wconf 92' lang='lat' dir='ltr'>in</span> <span class='ocrx_word' id='word_1_154' title='bbox 740 2122 970 2205; x_wconf 88' lang='lat' dir='ltr'>dispersionem</span> <span class='ocrx_word' id='word_1_155' title='bbox 994 2122 1188 2190; x_wconf 79' lang='lat' dir='ltr'>Graecorum</span> <span class='ocrx_word' id='word_1_156' title='bbox 1219 2124 1353 2208; x_wconf 81' lang='lat' dir='ltr'>incipiet</span> <span class='ocrx_word' id='word_1_157' title='bbox 1383 2126 1430 2191; x_wconf 90' lang='lat' dir='ltr'>ire</span> <span class='ocrx_word' id='word_1_158' title='bbox 1460 2133 1493 2192; x_wconf 90' lang='lat' dir='ltr'>et</span> 
     </span>
     <span class='ocr_line' id='line_1_16' title="bbox 191 2226 1492 2311; baseline 0.003 -17"><span class='ocrx_word' id='word_1_159' title='bbox 191 2229 306 2295; x_wconf 82' lang='lat' dir='ltr'>docere</span> <span class='ocrx_word' id='word_1_160' title='bbox 329 2226 493 2294; x_wconf 78' lang='lat' dir='ltr'>Graecos?</span> <span class='ocrx_word' id='word_1_161' title='bbox 537 2228 588 2293; x_wconf 85' lang='grc'>39.</span> <span class='ocrx_word' id='word_1_162' title='bbox 612 2226 691 2303; x_wconf 88' lang='lat' dir='ltr'>Quis</span> <span class='ocrx_word' id='word_1_163' title='bbox 714 2232 763 2292; x_wconf 91' lang='lat' dir='ltr'>est</span> <span class='ocrx_word' id='word_1_164' title='bbox 787 2227 837 2291; x_wconf 86' lang='lat' dir='ltr'>hie</span> <span class='ocrx_word' id='word_1_165' title='bbox 860 2246 974 2308; x_wconf 84' lang='lat' dir='ltr'>sermo,</span> <span class='ocrx_word' id='word_1_166' title='bbox 999 2246 1093 2311; x_wconf 93' lang='lat' dir='ltr'>quem</span> <span class='ocrx_word' id='word_1_167' title='bbox 1124 2227 1221 2294; x_wconf 89' lang='lat' dir='ltr'>dixit:</span> <span class='ocrx_word' id='word_1_168' title='bbox 1258 2230 1413 2311; x_wconf 85' lang='lat' dir='ltr'>quaeritis</span> <span class='ocrx_word' id='word_1_169' title='bbox 1441 2250 1492 2299; x_wconf 90' lang='lat' dir='ltr'>me</span> 
     </span>
     <span class='ocr_line' id='line_1_17' title="bbox 191 2334 1493 2416; baseline 0.001 -16"><span class='ocrx_word' id='word_1_170' title='bbox 191 2340 224 2400; x_wconf 91' lang='lat' dir='ltr'>et</span> <span class='ocrx_word' id='word_1_171' title='bbox 258 2352 321 2400; x_wconf 92' lang='lat' dir='ltr'>nou</span> <span class='ocrx_word' id='word_1_172' title='bbox 351 2334 522 2399; x_wconf 86' lang='lat' dir='ltr'>inuenietis</span> <span class='ocrx_word' id='word_1_173' title='bbox 556 2352 616 2415; x_wconf 89' lang='lat' dir='ltr'>me,</span> <span class='ocrx_word' id='word_1_174' title='bbox 651 2338 684 2397; x_wconf 91' lang='lat' dir='ltr'>et</span> <span class='ocrx_word' id='word_1_175' title='bbox 728 2334 781 2397; x_wconf 91' lang='lat' dir='ltr'>ubi</span> <span class='ocrx_word' id='word_1_176' title='bbox 813 2351 881 2397; x_wconf 89' lang='lat' dir='ltr'>sum</span> <span class='ocrx_word' id='word_1_177' title='bbox 913 2352 982 2416; x_wconf 82' lang='lat' dir='ltr'>ego,</span> <span class='ocrx_word' id='word_1_178' title='bbox 1013 2353 1071 2399; x_wconf 90' lang='grc'>999</span> <span class='ocrx_word' id='word_1_179' title='bbox 1101 2334 1212 2400; x_wconf 86' lang='lat' dir='ltr'>uenire</span> <span class='ocrx_word' id='word_1_180' title='bbox 1242 2352 1303 2399; x_wconf 89' lang='lat' dir='ltr'>uon</span> <span class='ocrx_word' id='word_1_181' title='bbox 1334 2336 1493 2415; x_wconf 83' lang='lat' dir='ltr'>potestis?</span> 
     </span>
     <span class='ocr_line' id='line_1_18' title="bbox 191 2436 1491 2519; baseline -0.002 -12"><span class='ocrx_word' id='word_1_182' title='bbox 191 2438 243 2507; x_wconf 81' lang='grc'>31.</span> <span class='ocrx_word' id='word_1_183' title='bbox 266 2439 304 2503; x_wconf 87' lang='grc'>19</span> <span class='ocrx_word' id='word_1_184' title='bbox 327 2438 500 2504; x_wconf 85' lang='lat' dir='ltr'>nouissimo</span> <span class='ocrx_word' id='word_1_185' title='bbox 523 2442 630 2501; x_wconf 87' lang='lat' dir='ltr'>autern</span> <span class='ocrx_word' id='word_1_186' title='bbox 654 2436 706 2501; x_wconf 90' lang='lat' dir='ltr'>die</span> <span class='ocrx_word' id='word_1_187' title='bbox 727 2454 841 2519; x_wconf 83' lang='lat' dir='ltr'>magno</span> <span class='ocrx_word' id='word_1_188' title='bbox 873 2454 911 2499; x_wconf 84' lang='lat' dir='ltr'>ao</span> <span class='ocrx_word' id='word_1_189' title='bbox 941 2437 1094 2503; x_wconf 87' lang='lat' dir='ltr'>sollemne</span> <span class='ocrx_word' id='word_1_190' title='bbox 1121 2439 1229 2503; x_wconf 84' lang='lat' dir='ltr'>stabat</span> <span class='ocrx_word' id='word_1_191' title='bbox 1251 2437 1349 2505; x_wconf 82' lang='lat' dir='ltr'>lesus</span> <span class='ocrx_word' id='word_1_192' title='bbox 1372 2444 1404 2505; x_wconf 88' lang='grc'>91</span> <span class='ocrx_word' id='word_1_193' title='bbox 1427 2440 1491 2505; x_wconf 84' lang='grc'><strong>919·</strong></span> 
     </span>
     <span class='ocr_line' id='line_1_19' title="bbox 192 2541 1488 2624; baseline 0.001 -15"><span class='ocrx_word' id='word_1_194' title='bbox 192 2544 299 2611; x_wconf 89' lang='lat' dir='ltr'>mahat</span> <span class='ocrx_word' id='word_1_195' title='bbox 329 2542 459 2609; x_wconf 81' lang='lat' dir='ltr'>disens:</span> <span class='ocrx_word' id='word_1_196' title='bbox 494 2541 527 2607; x_wconf 85' lang='lat' dir='ltr'>Si</span> <span class='ocrx_word' id='word_1_197' title='bbox 551 2543 622 2623; x_wconf 90' lang='lat' dir='ltr'>quis</span> <span class='ocrx_word' id='word_1_198' title='bbox 654 2542 732 2621; x_wconf 89' lang='lat' dir='ltr'>sitit,</span> <span class='ocrx_word' id='word_1_199' title='bbox 758 2541 867 2607; x_wconf 88' lang='lat' dir='ltr'>ueniat</span> <span class='ocrx_word' id='word_1_200' title='bbox 889 2546 923 2605; x_wconf 89' lang='lat' dir='ltr'>et</span> <span class='ocrx_word' id='word_1_201' title='bbox 946 2542 1042 2609; x_wconf 87' lang='lat' dir='ltr'>bibat.</span> <span class='ocrx_word' id='word_1_202' title='bbox 1066 2544 1116 2611; x_wconf 82' lang='lat'>38.</span> <span class='ocrx_word' id='word_1_203' title='bbox 1154 2544 1215 2621; x_wconf 89' lang='lat' dir='ltr'>Qui</span> <span class='ocrx_word' id='word_1_204' title='bbox 1242 2542 1347 2609; x_wconf 85' lang='lat' dir='ltr'>eredit</span> <span class='ocrx_word' id='word_1_205' title='bbox 1370 2546 1403 2609; x_wconf 92' lang='lat' dir='ltr'>in</span> <span class='ocrx_word' id='word_1_206' title='bbox 1426 2563 1488 2624; x_wconf 86' lang='lat' dir='ltr'>me,</span> 
     </span>
     <span class='ocr_line' id='line_1_20' title="bbox 192 2645 1494 2731; baseline 0.002 -18"><span class='ocrx_word' id='word_1_207' title='bbox 192 2650 276 2715; x_wconf 85' lang='lat' dir='ltr'>sicut</span> <span class='ocrx_word' id='word_1_208' title='bbox 313 2648 394 2713; x_wconf 84' lang='lat' dir='ltr'>dixit</span> <span class='ocrx_word' id='word_1_209' title='bbox 430 2646 606 2729; x_wconf 88' lang='lat' dir='ltr'>scriptura:</span> <span class='ocrx_word' id='word_1_210' title='bbox 644 2645 775 2711; x_wconf 85' lang='lat' dir='ltr'>flumina</span> <span class='ocrx_word' id='word_1_211' title='bbox 806 2646 846 2710; x_wconf 90' lang='lat' dir='ltr'>de</span> <span class='ocrx_word' id='word_1_212' title='bbox 881 2650 994 2712; x_wconf 88' lang='lat' dir='ltr'>uentre</span> <span class='ocrx_word' id='word_1_213' title='bbox 1023 2650 1095 2713; x_wconf 89' lang='lat' dir='ltr'>eius</span> <span class='ocrx_word' id='word_1_214' title='bbox 1122 2646 1222 2714; x_wconf 88' lang='lat' dir='ltr'>lluent</span> <span class='ocrx_word' id='word_1_215' title='bbox 1253 2668 1355 2731; x_wconf 87' lang='lat' dir='ltr'>aquae</span> <span class='ocrx_word' id='word_1_216' title='bbox 1388 2650 1494 2716; x_wconf 88' lang='lat' dir='ltr'>uiuae.</span> 
     </span>
     <span class='ocr_line' id='line_1_21' title="bbox 192 2750 1491 2835; baseline -0.002 -14"><span class='ocrx_word' id='word_1_217' title='bbox 192 2755 244 2821; x_wconf 86' lang='grc'>39.</span> <span class='ocrx_word' id='word_1_218' title='bbox 268 2752 337 2819; x_wconf 83' lang='lat' dir='ltr'>Hoc</span> <span class='ocrx_word' id='word_1_219' title='bbox 359 2757 465 2817; x_wconf 89' lang='lat' dir='ltr'>autem</span> <span class='ocrx_word' id='word_1_220' title='bbox 490 2751 572 2817; x_wconf 86' lang='lat' dir='ltr'>dixit</span> <span class='ocrx_word' id='word_1_221' title='bbox 594 2750 633 2817; x_wconf 91' lang='lat' dir='ltr'>de</span> <span class='ocrx_word' id='word_1_222' title='bbox 658 2751 781 2832; x_wconf 89' lang='lat' dir='ltr'>spiritu,</span> <span class='ocrx_word' id='word_1_223' title='bbox 806 2770 900 2835; x_wconf 88' lang='lat' dir='ltr'>quem</span> <span class='ocrx_word' id='word_1_224' title='bbox 924 2754 1086 2834; x_wconf 80' lang='lat' dir='ltr'>accepturi</span> <span class='ocrx_word' id='word_1_225' title='bbox 1111 2758 1224 2831; x_wconf 78' lang='lat' dir='ltr'>erant3</span> <span class='ocrx_word' id='word_1_226' title='bbox 1249 2753 1386 2819; x_wconf 88' lang='lat' dir='ltr'>noudum</span> <span class='ocrx_word' id='word_1_227' title='bbox 1407 2755 1491 2820; x_wconf 89' lang='lat' dir='ltr'>enim</span> 
     </span>
     <span class='ocr_line' id='line_1_22' title="bbox 193 2854 1492 2941; baseline -0.001 -16"><span class='ocrx_word' id='word_1_228' title='bbox 193 2863 264 2926; x_wconf 84' lang='lat' dir='ltr'>erut</span> <span class='ocrx_word' id='word_1_229' title='bbox 287 2858 381 2924; x_wconf 88' lang='grc'><strong>19199</strong></span> <span class='ocrx_word' id='word_1_230' title='bbox 404 2857 547 2939; x_wconf 80' lang='lat' dir='ltr'>spiritus,</span> <span class='ocrx_word' id='word_1_231' title='bbox 572 2854 648 2939; x_wconf 89' lang='lat' dir='ltr'>quio</span> <span class='ocrx_word' id='word_1_232' title='bbox 671 2854 768 2922; x_wconf 82' lang='lat' dir='ltr'>lesus</span> <span class='ocrx_word' id='word_1_233' title='bbox 792 2874 854 2922; x_wconf 92' lang='lat' dir='ltr'>nou</span> <span class='ocrx_word' id='word_1_234' title='bbox 877 2862 948 2922; x_wconf 86' lang='lat' dir='ltr'>erut</span> <span class='ocrx_word' id='word_1_235' title='bbox 971 2856 1208 2925; x_wconf 82' lang='lat' dir='ltr'>honorificatus.</span> <span class='ocrx_word' id='word_1_236' title='bbox 1233 2859 1284 2925; x_wconf 88' lang='grc'>40.</span> <span class='ocrx_word' id='word_1_237' title='bbox 1302 2859 1350 2925; x_wconf 90' lang='lat' dir='ltr'>De</span> <span class='ocrx_word' id='word_1_238' title='bbox 1374 2858 1492 2941; x_wconf 90' lang='lat' dir='ltr'>populo</span> 
     </span>
     <span class='ocr_line' id='line_1_23' title="bbox 192 2960 1493 3049; baseline -0.001 -19"><span class='ocrx_word' id='word_1_239' title='bbox 192 2964 291 3049; x_wconf 80' lang='lat' dir='ltr'>igitur</span> <span class='ocrx_word' id='word_1_240' title='bbox 314 2963 484 3028; x_wconf 89' lang='lat' dir='ltr'>audientes</span> <span class='ocrx_word' id='word_1_241' title='bbox 507 2960 586 3026; x_wconf 87' lang='lat' dir='ltr'>haee</span> <span class='ocrx_word' id='word_1_242' title='bbox 611 2961 707 3027; x_wconf 84' lang='lat' dir='ltr'>uerba</span> <span class='ocrx_word' id='word_1_243' title='bbox 731 2961 898 3027; x_wconf 87' lang='lat' dir='ltr'>dicebant:</span> <span class='ocrx_word' id='word_1_244' title='bbox 923 2960 984 3027; x_wconf 84' lang='lat' dir='ltr'>llio</span> <span class='ocrx_word' id='word_1_245' title='bbox 1007 2968 1152 3028; x_wconf 79' lang='lat' dir='ltr'>estuare</span> <span class='ocrx_word' id='word_1_246' title='bbox 1174 2964 1338 3046; x_wconf 88' lang='lat' dir='ltr'>propheta.</span> <span class='ocrx_word' id='word_1_247' title='bbox 1362 2965 1414 3028; x_wconf 92' lang='grc'>41.</span> <span class='ocrx_word' id='word_1_248' title='bbox 1428 2963 1493 3030; x_wconf 83' lang='lat' dir='ltr'>Alii</span> 
     </span>
     <span class='ocr_line' id='line_1_24' title="bbox 193 3064 1494 3148; baseline 0 -14"><span class='ocrx_word' id='word_1_249' title='bbox 193 3087 271 3134; x_wconf 92' lang='lat' dir='ltr'>uero</span> <span class='ocrx_word' id='word_1_250' title='bbox 294 3068 456 3135; x_wconf 82' lang='lat' dir='ltr'>dicebant:</span> <span class='ocrx_word' id='word_1_251' title='bbox 481 3066 642 3148; x_wconf 90' lang='lat' dir='ltr'>Numquid</span> <span class='ocrx_word' id='word_1_252' title='bbox 667 3084 742 3147; x_wconf 80' lang='lat' dir='ltr'>ergo</span> <span class='ocrx_word' id='word_1_253' title='bbox 766 3085 806 3131; x_wconf 90' lang='lat' dir='ltr'>ex</span> <span class='ocrx_word' id='word_1_254' title='bbox 829 3066 975 3130; x_wconf 84' lang='lat' dir='ltr'>Galilaea</span> <span class='ocrx_word' id='word_1_255' title='bbox 997 3064 1148 3134; x_wconf 78' lang='lat' dir='ltr'>Christus</span> <span class='ocrx_word' id='word_1_256' title='bbox 1171 3067 1358 3134; x_wconf 80' lang='grc'><strong>99911149.</strong></span> <span class='ocrx_word' id='word_1_257' title='bbox 1382 3067 1494 3134; x_wconf 91' lang='lat' dir='ltr'>Nonne</span> 
     </span>
     <span class='ocr_line' id='line_1_25' title="bbox 192 3171 1494 3256; baseline -0.002 -16"><span class='ocrx_word' id='word_1_258' title='bbox 192 3176 351 3256; x_wconf 84' lang='lat' dir='ltr'>scriptura</span> <span class='ocrx_word' id='word_1_259' title='bbox 382 3173 474 3238; x_wconf 82' lang='lat' dir='ltr'>dicit:</span> <span class='ocrx_word' id='word_1_260' title='bbox 506 3173 580 3256; x_wconf 85' lang='lat' dir='ltr'>quio</span> <span class='ocrx_word' id='word_1_261' title='bbox 610 3191 649 3236; x_wconf 88' lang='lat' dir='ltr'>ex</span> <span class='ocrx_word' id='word_1_262' title='bbox 682 3173 803 3237; x_wconf 88' lang='lat' dir='ltr'>semine</span> <span class='ocrx_word' id='word_1_263' title='bbox 835 3171 939 3237; x_wconf 88' lang='lat' dir='ltr'>Dauid</span> <span class='ocrx_word' id='word_1_264' title='bbox 969 3176 1002 3236; x_wconf 92' lang='grc'>91</span> <span class='ocrx_word' id='word_1_265' title='bbox 1031 3171 1196 3238; x_wconf 88' lang='lat' dir='ltr'>Betlehem</span> <span class='ocrx_word' id='word_1_266' title='bbox 1227 3171 1409 3256; x_wconf 87' lang='lat' dir='ltr'>municipio,</span> <span class='ocrx_word' id='word_1_267' title='bbox 1440 3172 1494 3238; x_wconf 91' lang='lat' dir='ltr'>ubi</span> 
     </span>
     <span class='ocr_line' id='line_1_26' title="bbox 193 3276 1494 3358; baseline -0.002 -13"><span class='ocrx_word' id='word_1_268' title='bbox 193 3285 263 3345; x_wconf 88' lang='lat' dir='ltr'>erat</span> <span class='ocrx_word' id='word_1_269' title='bbox 293 3279 410 3358; x_wconf 86' lang='lat' dir='ltr'>Dauid,</span> <span class='ocrx_word' id='word_1_270' title='bbox 443 3277 590 3343; x_wconf 85' lang='lat' dir='ltr'>Clnistus</span> <span class='ocrx_word' id='word_1_271' title='bbox 624 3277 740 3341; x_wconf 82' lang='lat' dir='ltr'>ueniti</span> <span class='ocrx_word' id='word_1_272' title='bbox 784 3278 836 3343; x_wconf 84' lang='lat'>43.</span> <span class='ocrx_word' id='word_1_273' title='bbox 861 3276 1028 3342; x_wconf 85' lang='lat' dir='ltr'>Dissensio</span> <span class='ocrx_word' id='word_1_274' title='bbox 1059 3295 1136 3358; x_wconf 79' lang='lat' dir='ltr'>ergo</span> <span class='ocrx_word' id='word_1_275' title='bbox 1163 3277 1248 3342; x_wconf 85' lang='lat' dir='ltr'>faeta</span> <span class='ocrx_word' id='word_1_276' title='bbox 1271 3278 1375 3343; x_wconf 87' lang='lat' dir='ltr'>estin</span> <span class='ocrx_word' id='word_1_277' title='bbox 1398 3276 1494 3343; x_wconf 89' lang='lat' dir='ltr'>turba</span> 
     </span>
     <span class='ocr_line' id='line_1_27' title="bbox 192 3381 1491 3467; baseline -0.002 -17"><span class='ocrx_word' id='word_1_278' title='bbox 192 3389 324 3467; x_wconf 90' lang='lat' dir='ltr'>propter</span> <span class='ocrx_word' id='word_1_279' title='bbox 347 3402 429 3448; x_wconf 89' lang='lat' dir='ltr'>euru.</span> <span class='ocrx_word' id='word_1_280' title='bbox 453 3385 505 3450; x_wconf 88' lang='grc'>44.</span> <span class='ocrx_word' id='word_1_281' title='bbox 530 3381 662 3460; x_wconf 80' lang='lat' dir='ltr'>Quidam</span> <span class='ocrx_word' id='word_1_282' title='bbox 687 3385 793 3445; x_wconf 85' lang='lat' dir='ltr'>aulem</span> <span class='ocrx_word' id='word_1_283' title='bbox 818 3399 858 3445; x_wconf 89' lang='lat' dir='ltr'>ex</span> <span class='ocrx_word' id='word_1_284' title='bbox 881 3381 929 3446; x_wconf 88' lang='lat' dir='ltr'>eis</span> <span class='ocrx_word' id='word_1_285' title='bbox 952 3383 1101 3446; x_wconf 84' lang='lat' dir='ltr'>uolebant</span> <span class='ocrx_word' id='word_1_286' title='bbox 1123 3383 1385 3464; x_wconf 89' lang='lat' dir='ltr'>adpraehendere</span> <span class='ocrx_word' id='word_1_287' title='bbox 1408 3401 1491 3466; x_wconf 91' lang='lat' dir='ltr'>eum,</span> 
     </span>
     <span class='ocr_line' id='line_1_28' title="bbox 193 3488 616 3555; baseline -0.007 0"><span class='ocrx_word' id='word_1_288' title='bbox 193 3488 616 3555; x_wconf 60' lang='lat' dir='ltr'>mmmm-—-</span> 
     </span>
    </p>
   </div>
   <div class='ocr_carea' id='block_1_3' title="bbox 194 3695 1497 4833">
    <p class='ocr_par' dir='ltr' id='par_1_3' title="bbox 194 3695 1497 4833">
     <span class='ocr_line' id='line_1_29' title="bbox 299 3695 1494 3780; baseline -0.008 -14"><span class='ocrx_word' id='word_1_289' title='bbox 299 3695 401 3766; x_wconf 81' lang='lat' dir='ltr'>vill.</span> <span class='ocrx_word' id='word_1_290' title='bbox 423 3701 468 3764; x_wconf 82' lang='lat'>12.</span> <span class='ocrx_word' id='word_1_291' title='bbox 486 3698 609 3763; x_wconf 88' lang='lat' dir='ltr'>Rursus</span> <span class='ocrx_word' id='word_1_292' title='bbox 625 3704 732 3763; x_wconf 87' lang='lat' dir='ltr'>autem</span> <span class='ocrx_word' id='word_1_293' title='bbox 748 3698 951 3780; x_wconf 80' lang='lat' dir='ltr'>congregatis</span> <span class='ocrx_word' id='word_1_294' title='bbox 968 3696 1032 3763; x_wconf 89' lang='lat' dir='ltr'>illis</span> <span class='ocrx_word' id='word_1_295' title='bbox 1049 3697 1238 3779; x_wconf 78' lang='lat' dir='ltr'>loquebatur</span> <span class='ocrx_word' id='word_1_296' title='bbox 1252 3695 1349 3764; x_wconf 87' lang='lat' dir='ltr'>Jesus</span> <span class='ocrx_word' id='word_1_297' title='bbox 1364 3697 1494 3764; x_wconf 83' lang='lat' dir='ltr'>diceus:</span> 
     </span>
     <span class='ocr_line' id='line_1_30' title="bbox 195 3803 1493 3888; baseline -0.002 -17"><span class='ocrx_word' id='word_1_298' title='bbox 195 3806 265 3888; x_wconf 78' lang='lat' dir='ltr'>rogo</span> <span class='ocrx_word' id='word_1_299' title='bbox 299 3823 369 3870; x_wconf 90' lang='lat' dir='ltr'>sum</span> <span class='ocrx_word' id='word_1_300' title='bbox 404 3805 458 3868; x_wconf 89' lang='lat' dir='ltr'>lux</span> <span class='ocrx_word' id='word_1_301' title='bbox 491 3805 585 3871; x_wconf 91' lang='lat' dir='ltr'>huius</span> <span class='ocrx_word' id='word_1_302' title='bbox 614 3804 732 3886; x_wconf 88' lang='lat' dir='ltr'>mundi,</span> <span class='ocrx_word' id='word_1_303' title='bbox 765 3803 819 3884; x_wconf 91' lang='lat' dir='ltr'>qui</span> <span class='ocrx_word' id='word_1_304' title='bbox 845 3821 894 3866; x_wconf 90' lang='lat' dir='ltr'>me</span> <span class='ocrx_word' id='word_1_305' title='bbox 917 3805 1072 3886; x_wconf 85' lang='lat' dir='ltr'>sequitur,</span> <span class='ocrx_word' id='word_1_306' title='bbox 1103 3822 1165 3869; x_wconf 92' lang='lat' dir='ltr'>nou</span> <span class='ocrx_word' id='word_1_307' title='bbox 1191 3803 1421 3870; x_wconf 83' lang='lat' dir='ltr'>ambulabilia</span> <span class='ocrx_word' id='word_1_308' title='bbox 1446 3810 1493 3870; x_wconf 88' lang='lat' dir='ltr'>te-</span> 
     </span>
     <span class='ocr_line' id='line_1_31' title="bbox 194 3909 1493 3990; baseline -0.002 -14"><span class='ocrx_word' id='word_1_309' title='bbox 194 3911 312 3990; x_wconf 83' lang='lat' dir='ltr'>nebris,</span> <span class='ocrx_word' id='word_1_310' title='bbox 346 3909 403 3976; x_wconf 87' lang='grc'>991</span> <span class='ocrx_word' id='word_1_311' title='bbox 437 3909 567 3976; x_wconf 86' lang='lat' dir='ltr'>habebit</span> <span class='ocrx_word' id='word_1_312' title='bbox 589 3909 695 3975; x_wconf 87' lang='lat' dir='ltr'>lurnrn</span> <span class='ocrx_word' id='word_1_313' title='bbox 720 3911 815 3974; x_wconf 88' lang='lat' dir='ltr'>uitae.</span> <span class='ocrx_word' id='word_1_314' title='bbox 866 3909 1097 3976; x_wconf 69' lang='grc'><strong>1991999991</strong></span> <span class='ocrx_word' id='word_1_315' title='bbox 1130 3917 1237 3976; x_wconf 86' lang='lat' dir='ltr'>autem</span> <span class='ocrx_word' id='word_1_316' title='bbox 1264 3910 1294 3975; x_wconf 92' lang='lat' dir='ltr'>ei</span> <span class='ocrx_word' id='word_1_317' title='bbox 1319 3909 1493 3976; x_wconf 87' lang='lat' dir='ltr'>Pharisaei:</span> 
     </span>
     <span class='ocr_line' id='line_1_32' title="bbox 194 4014 1494 4098; baseline -0.002 -15"><span class='ocrx_word' id='word_1_318' title='bbox 194 4017 241 4083; x_wconf 81' lang='lat' dir='ltr'>Tu</span> <span class='ocrx_word' id='word_1_319' title='bbox 277 4017 316 4082; x_wconf 90' lang='grc'>19</span> <span class='ocrx_word' id='word_1_320' title='bbox 347 4023 377 4081; x_wconf 87' lang='grc'>19</span> <span class='ocrx_word' id='word_1_321' title='bbox 408 4017 624 4082; x_wconf 74' lang='lat' dir='ltr'>testimonium</span> <span class='ocrx_word' id='word_1_322' title='bbox 655 4014 814 4098; x_wconf 68' lang='lat' dir='ltr'>perhibes</span> <span class='ocrx_word' id='word_1_323' title='bbox 846 4015 1061 4080; x_wconf 85' lang='lat' dir='ltr'>testimoninm</span> <span class='ocrx_word' id='word_1_324' title='bbox 1092 4020 1182 4080; x_wconf 89' lang='lat' dir='ltr'>tuum</span> <span class='ocrx_word' id='word_1_325' title='bbox 1213 4034 1275 4080; x_wconf 90' lang='lat' dir='ltr'>uon</span> <span class='ocrx_word' id='word_1_326' title='bbox 1302 4020 1352 4080; x_wconf 89' lang='lat' dir='ltr'>est</span> <span class='ocrx_word' id='word_1_327' title='bbox 1374 4034 1494 4081; x_wconf 88' lang='lat' dir='ltr'>uerum.</span> 
     </span>
     <span class='ocr_line' id='line_1_33' title="bbox 199 4120 1490 4204; baseline -0.002 -17"><span class='ocrx_word' id='word_1_328' title='bbox 199 4125 247 4188; x_wconf 92' lang='grc'>14.</span> <span class='ocrx_word' id='word_1_329' title='bbox 270 4120 446 4204; x_wconf 87' lang='lat' dir='ltr'>Respondit</span> <span class='ocrx_word' id='word_1_330' title='bbox 468 4120 564 4187; x_wconf 86' lang='grc'><strong>19999</strong></span> <span class='ocrx_word' id='word_1_331' title='bbox 587 4125 620 4186; x_wconf 89' lang='grc'>91</span> <span class='ocrx_word' id='word_1_332' title='bbox 644 4121 724 4185; x_wconf 86' lang='lat' dir='ltr'>dixit</span> <span class='ocrx_word' id='word_1_333' title='bbox 746 4120 809 4186; x_wconf 89' lang='lat' dir='ltr'>eis:</span> <span class='ocrx_word' id='word_1_334' title='bbox 834 4120 877 4185; x_wconf 86' lang='lat' dir='ltr'>Et</span> <span class='ocrx_word' id='word_1_335' title='bbox 900 4122 927 4185; x_wconf 92' lang='lat' dir='ltr'>si</span> <span class='ocrx_word' id='word_1_336' title='bbox 952 4139 1010 4202; x_wconf 81' lang='lat' dir='ltr'>ego</span> <span class='ocrx_word' id='word_1_337' title='bbox 1034 4120 1249 4186; x_wconf 89' lang='lat' dir='ltr'>testimonium</span> <span class='ocrx_word' id='word_1_338' title='bbox 1272 4120 1425 4202; x_wconf 90' lang='lat' dir='ltr'>perhibeo</span> <span class='ocrx_word' id='word_1_339' title='bbox 1448 4121 1490 4185; x_wconf 90' lang='lat' dir='ltr'>de</span> 
     </span>
     <span class='ocr_line' id='line_1_34' title="bbox 194 4225 1493 4309; baseline -0.002 -17"><span class='ocrx_word' id='word_1_340' title='bbox 194 4247 257 4309; x_wconf 83' lang='lat' dir='ltr'>ne,</span> <span class='ocrx_word' id='word_1_341' title='bbox 287 4227 504 4293; x_wconf 87' lang='lat' dir='ltr'>testimonium</span> <span class='ocrx_word' id='word_1_342' title='bbox 536 4243 641 4290; x_wconf 90' lang='lat' dir='ltr'>meum</span> <span class='ocrx_word' id='word_1_343' title='bbox 666 4243 776 4290; x_wconf 89' lang='lat' dir='ltr'>uerum</span> <span class='ocrx_word' id='word_1_344' title='bbox 801 4231 859 4302; x_wconf 88' lang='grc'><strong>991,</strong></span> <span class='ocrx_word' id='word_1_345' title='bbox 884 4225 1032 4307; x_wconf 89' lang='lat' dir='ltr'>quoniam</span> <span class='ocrx_word' id='word_1_346' title='bbox 1056 4227 1132 4304; x_wconf 92' lang='grc'><strong>9919,</strong></span> <span class='ocrx_word' id='word_1_347' title='bbox 1161 4225 1245 4290; x_wconf 88' lang='grc'><strong>9919</strong></span> <span class='ocrx_word' id='word_1_348' title='bbox 1267 4225 1353 4305; x_wconf 89' lang='grc'><strong>9991,</strong></span> <span class='ocrx_word' id='word_1_349' title='bbox 1376 4230 1410 4290; x_wconf 86' lang='grc'>91</span> <span class='ocrx_word' id='word_1_350' title='bbox 1431 4243 1493 4306; x_wconf 92' lang='grc'>999</span> 
     </span>
     <span class='ocr_line' id='line_1_35' title="bbox 194 4328 1493 4411; baseline -0.005 -13"><span class='ocrx_word' id='word_1_351' title='bbox 194 4351 263 4398; x_wconf 81' lang='lat' dir='ltr'>eam</span> <span class='ocrx_word' id='word_1_352' title='bbox 275 4351 283 4411; x_wconf 89' lang='lat'>;</span> <span class='ocrx_word' id='word_1_353' title='bbox 297 4351 356 4398; x_wconf 90' lang='lat' dir='ltr'>uos</span> <span class='ocrx_word' id='word_1_354' title='bbox 372 4333 456 4397; x_wconf 91' lang='lat' dir='ltr'>enim</span> <span class='ocrx_word' id='word_1_355' title='bbox 472 4329 612 4410; x_wconf 87' lang='grc'><strong>99991119,</strong></span> <span class='ocrx_word' id='word_1_356' title='bbox 631 4330 714 4395; x_wconf 88' lang='grc'><strong>9919</strong></span> <span class='ocrx_word' id='word_1_357' title='bbox 737 4330 878 4394; x_wconf 91' lang='lat' dir='ltr'>uenerim</span> <span class='ocrx_word' id='word_1_358' title='bbox 896 4334 929 4393; x_wconf 92' lang='lat' dir='ltr'>et</span> <span class='ocrx_word' id='word_1_359' title='bbox 941 4348 1003 4410; x_wconf 94' lang='grc'>999</span> <span class='ocrx_word' id='word_1_360' title='bbox 1019 4347 1098 4394; x_wconf 89' lang='lat' dir='ltr'>eam.</span> <span class='ocrx_word' id='word_1_361' title='bbox 1126 4332 1173 4396; x_wconf 86' lang='lat'>15.</span> <span class='ocrx_word' id='word_1_362' title='bbox 1188 4330 1231 4395; x_wconf 81' lang='lat' dir='ltr'>ltt</span> <span class='ocrx_word' id='word_1_363' title='bbox 1247 4349 1304 4396; x_wconf 93' lang='lat' dir='ltr'>uos</span> <span class='ocrx_word' id='word_1_364' title='bbox 1320 4328 1493 4395; x_wconf 82' lang='lat' dir='ltr'>secunlum</span> 
     </span>
     <span class='ocr_line' id='line_1_36' title="bbox 196 4431 1496 4520; baseline -0.004 -16"><span class='ocrx_word' id='word_1_365' title='bbox 196 4455 321 4504; x_wconf 87' lang='lat' dir='ltr'>carnem</span> <span class='ocrx_word' id='word_1_366' title='bbox 345 4437 511 4503; x_wconf 85' lang='lat' dir='ltr'>iudicatis:</span> <span class='ocrx_word' id='word_1_367' title='bbox 549 4455 607 4520; x_wconf 85' lang='lat' dir='ltr'>ego</span> <span class='ocrx_word' id='word_1_368' title='bbox 631 4454 693 4501; x_wconf 91' lang='lat' dir='ltr'>nou</span> <span class='ocrx_word' id='word_1_369' title='bbox 717 4435 822 4500; x_wconf 89' lang='lat' dir='ltr'>iudico</span> <span class='ocrx_word' id='word_1_370' title='bbox 854 4434 1020 4514; x_wconf 82' lang='lat' dir='ltr'>neminem,</span> <span class='ocrx_word' id='word_1_371' title='bbox 1062 4439 1108 4500; x_wconf 85' lang='grc'>16.</span> <span class='ocrx_word' id='word_1_372' title='bbox 1141 4434 1273 4516; x_wconf 88' lang='lat' dir='ltr'>quodsi</span> <span class='ocrx_word' id='word_1_373' title='bbox 1297 4453 1357 4518; x_wconf 78' lang='lat' dir='ltr'>epo</span> <span class='ocrx_word' id='word_1_374' title='bbox 1381 4431 1496 4513; x_wconf 90' lang='grc'><strong>191199,</strong></span> 
     </span>
     <span class='ocr_line' id='line_1_37' title="bbox 197 4540 1497 4622; baseline -0.004 -14"><span class='ocrx_word' id='word_1_375' title='bbox 197 4541 349 4610; x_wconf 83' lang='lat' dir='ltr'>iudicium</span> <span class='ocrx_word' id='word_1_376' title='bbox 372 4561 476 4608; x_wconf 89' lang='lat' dir='ltr'>meum</span> <span class='ocrx_word' id='word_1_377' title='bbox 500 4561 610 4607; x_wconf 92' lang='lat' dir='ltr'>uerum</span> <span class='ocrx_word' id='word_1_378' title='bbox 636 4547 695 4618; x_wconf 82' lang='grc'><strong>991,</strong></span> <span class='ocrx_word' id='word_1_379' title='bbox 719 4540 866 4622; x_wconf 85' lang='lat' dir='ltr'>quoniam</span> <span class='ocrx_word' id='word_1_380' title='bbox 890 4541 978 4606; x_wconf 92' lang='lat' dir='ltr'>solus</span> <span class='ocrx_word' id='word_1_381' title='bbox 1001 4557 1064 4604; x_wconf 91' lang='lat' dir='ltr'>non</span> <span class='ocrx_word' id='word_1_382' title='bbox 1087 4557 1175 4619; x_wconf 79' lang='lat' dir='ltr'>smn3</span> <span class='ocrx_word' id='word_1_383' title='bbox 1199 4540 1255 4605; x_wconf 91' lang='lat' dir='ltr'>sed</span> <span class='ocrx_word' id='word_1_384' title='bbox 1279 4558 1337 4622; x_wconf 82' lang='lat' dir='ltr'>ego</span> <span class='ocrx_word' id='word_1_385' title='bbox 1361 4557 1440 4618; x_wconf 90' lang='lat' dir='ltr'>sum,</span> <span class='ocrx_word' id='word_1_386' title='bbox 1463 4544 1497 4603; x_wconf 87' lang='grc'>91</span> 
     </span>
     <span class='ocr_line' id='line_1_38' title="bbox 195 4643 1496 4729; baseline -0.005 -16"><span class='ocrx_word' id='word_1_387' title='bbox 195 4648 251 4729; x_wconf 91' lang='grc'>991</span> <span class='ocrx_word' id='word_1_388' title='bbox 274 4667 324 4712; x_wconf 89' lang='lat' dir='ltr'>me</span> <span class='ocrx_word' id='word_1_389' title='bbox 347 4645 436 4713; x_wconf 87' lang='lat' dir='ltr'>misit</span> <span class='ocrx_word' id='word_1_390' title='bbox 450 4651 550 4729; x_wconf 87' lang='lat' dir='ltr'>pater.</span> <span class='ocrx_word' id='word_1_391' title='bbox 579 4647 626 4711; x_wconf 84' lang='lat' dir='ltr'>l&#39;l.</span> <span class='ocrx_word' id='word_1_392' title='bbox 651 4646 687 4709; x_wconf 91' lang='lat' dir='ltr'>In</span> <span class='ocrx_word' id='word_1_393' title='bbox 703 4645 774 4728; x_wconf 81' lang='lat' dir='ltr'>lege</span> <span class='ocrx_word' id='word_1_394' title='bbox 797 4665 922 4728; x_wconf 90' lang='lat' dir='ltr'>qunque</span> <span class='ocrx_word' id='word_1_395' title='bbox 938 4645 1091 4727; x_wconf 87' lang='lat' dir='ltr'>seriptum</span> <span class='ocrx_word' id='word_1_396' title='bbox 1106 4651 1165 4724; x_wconf 88' lang='grc'><strong>991,</strong></span> <span class='ocrx_word' id='word_1_397' title='bbox 1189 4643 1341 4726; x_wconf 91' lang='lat' dir='ltr'>quoniam</span> <span class='ocrx_word' id='word_1_398' title='bbox 1364 4643 1496 4709; x_wconf 91' lang='lat' dir='ltr'>duorum</span> 
     </span>
     <span class='ocr_line' id='line_1_39' title="bbox 196 4747 1496 4833; baseline -0.004 -15"><span class='ocrx_word' id='word_1_399' title='bbox 196 4753 359 4818; x_wconf 89' lang='lat' dir='ltr'>hominurn</span> <span class='ocrx_word' id='word_1_400' title='bbox 382 4751 599 4817; x_wconf 87' lang='lat' dir='ltr'>testimonium</span> <span class='ocrx_word' id='word_1_401' title='bbox 623 4769 734 4816; x_wconf 89' lang='lat' dir='ltr'>uerum</span> <span class='ocrx_word' id='word_1_402' title='bbox 758 4756 816 4817; x_wconf 89' lang='lat' dir='ltr'>est.</span> <span class='ocrx_word' id='word_1_403' title='bbox 852 4754 899 4818; x_wconf 89' lang='grc'>18.</span> <span class='ocrx_word' id='word_1_404' title='bbox 925 4751 994 4833; x_wconf 80' lang='lat' dir='ltr'>Ego</span> <span class='ocrx_word' id='word_1_405' title='bbox 1017 4769 1097 4832; x_wconf 86' lang='lat' dir='ltr'>sum,</span> <span class='ocrx_word' id='word_1_406' title='bbox 1120 4751 1173 4832; x_wconf 92' lang='grc'>991</span> <span class='ocrx_word' id='word_1_407' title='bbox 1197 4747 1353 4814; x_wconf 84' lang='lat' dir='ltr'>testificor</span> <span class='ocrx_word' id='word_1_408' title='bbox 1375 4749 1414 4814; x_wconf 92' lang='lat' dir='ltr'>de</span> <span class='ocrx_word' id='word_1_409' title='bbox 1436 4765 1496 4827; x_wconf 89' lang='lat' dir='ltr'>me,</span> 
     </span>
    </p>
   </div>
   <div class='ocr_carea' id='block_1_4' title="bbox 196 4853 1498 4944">
    <p class='ocr_par' dir='ltr' id='par_1_4' title="bbox 196 4853 1498 4944">
     <span class='ocr_line' id='line_1_40' title="bbox 196 4853 1498 4944; baseline 0 -22"><span class='ocrx_word' id='word_1_410' title='bbox 196 4865 230 4925; x_wconf 85' lang='lat' dir='ltr'>rt</span> <span class='ocrx_word' id='word_1_411' title='bbox 263 4859 316 4944; x_wconf 89' lang='lat' dir='ltr'>qui</span> <span class='ocrx_word' id='word_1_412' title='bbox 349 4877 397 4924; x_wconf 90' lang='lat' dir='ltr'>me</span> <span class='ocrx_word' id='word_1_413' title='bbox 421 4857 508 4922; x_wconf 84' lang='lat' dir='ltr'>misit</span> <span class='ocrx_word' id='word_1_414' title='bbox 538 4861 627 4941; x_wconf 84' lang='lat' dir='ltr'>potor</span> <span class='ocrx_word' id='word_1_415' title='bbox 661 4855 874 4920; x_wconf 86' lang='lat' dir='ltr'>testimonium</span> <span class='ocrx_word' id='word_1_416' title='bbox 906 4856 1055 4942; x_wconf 89' lang='lat' dir='ltr'>perhibet</span> <span class='ocrx_word' id='word_1_417' title='bbox 1086 4856 1207 4922; x_wconf 80' lang='grc'><strong>19999.</strong></span> <span class='ocrx_word' id='word_1_418' title='bbox 1259 4857 1306 4922; x_wconf 83' lang='lat'>19.</span> <span class='ocrx_word' id='word_1_419' title='bbox 1340 4853 1498 4922; x_wconf 87' lang='lat' dir='ltr'>Dicebant</span> 
     </span>
    </p>
   </div>
   <div class='ocr_carea' id='block_1_5' title="bbox 0 0 1825 5775">
    <p class='ocr_par' dir='ltr' id='par_1_5' title="bbox 0 0 1825 5775">
     <span class='ocr_line' id='line_1_41' title="bbox 0 0 1825 5775; baseline 0 0"><span class='ocrx_word' id='word_1_420' title='bbox 0 0 1825 5775; x_wconf 95' lang='lat' dir='ltr'> </span> 
     </span>
    </p>
   </div>
  </div>
 </body>
</html>
