3625 5775
169 564 200 623 c.
218 568 242 619 e.
544 560 728 635 Encuga'lium
748 560 898 620 6661161616
917 560 1100 621 ththnenrn.
1447 568 1466 637 7

169 772 413 861 temptationem,
436 776 489 841 aad
511 776 609 841 libere
633 794 686 841 nos
711 795 730 839 o
753 776 846 842 neoto
886 778 935 843 14.
961 774 1100 843 8161116
1123 777 1311 845 dimiseritis
1333 776 1468 845 hornini-

169 881 230 946 bus
254 886 385 963 peccata
407 899 527 962 661116,
551 882 691 947 dimittet
714 881 807 947 uobis
830 887 862 948 et
887 889 979 963 pater
1002 886 1107 948 166161
1132 883 1186 964 qui
1211 887 1261 948 est
1291 883 1322 947 in
1357 884 1466 950 caelis.

173 986 495 1053 restaurandos
529 986 718 1052 remiseritis
749 985 930 1054 hominibus
963 991 1103 1069 peccata,
1138 1005 1197 1052 uec
1231 991 1323 1070 pater
1357 993 1466 1054 nester

169 1092 311 1157 remittet
335 1090 426 1156 uobis
450 1094 579 1173 peccata
603 1092 719 1157 uestra.
756 1092 804 1157 16.
837 1088 916 1155 (111111
947 1097 1053 1159 autern
1083 1092 1244 1172 ieiunatis,
1275 1092 1375 1160 nolite
1398 1091 1467 1159 heri

171 1192 453 1277 sicuthypocrited
475 1197 596 1261 tristes.
634 1196 859 1261 Extermiuaut
882 1195 967 1261 enirn
991 1195 1090 1268 iacies
1113 1214 1198 1281 snas,
1232 1201 1268 1261 ut
1290 1203 1468 1281 appareant

170 1299 350 1367 homiuibus
383 1300 573 1368 ieiunantes.
619 1304 720 1367 Amen
755 1300 825 1367 dico
856 1301 964 1367 uobis:
1000 1300 1122 1369 habeut
1154 1302 1332 1367 mercedem
1366 1321 1465 1369 snam.

173 1408 223 1473 11.
247 1406 314 1471 Uos
330 1412 435 1472 auteur
452 1424 521 1471 cnm
545 1406 704 1485 ieiunatis,
721 1406 855 1487 unguite
871 1412 967 1488 capnt
979 1410 1131 1486 nestrum,
1154 1412 1188 1471 et
1199 1405 1311 1472 laniem
1329 1413 1467 1473 uestram

172 1509 797 1594 161616,,181666166116116111611116
829 1512 1020 1595 ieiunantes,
1056 1512 1113 1577 sed
1147 1509 1230 1594 patri
1267 1515 1384 1591 nestro,
1416 1514 1469 1593 qui

172 1618 276 1682 66116
300 1616 464 1699 absconso,
489 1620 636 1698 6166161
660 1620 775 1697 nester,
799 1614 853 1697 qni
878 1616 968 1681 uidet
990 1616 1023 1681 iu
1046 1615 1210 1697 absconso,
1243 1617 1356 1682 reddet
1378 1617 1471 1682 nobis

171 1722 203 1787 iu
227 1722 341 1803 palam.
392 1722 440 1785 19.
475 1719 583 1785 Nolite
615 1720 707 1787 uobis
739 1709 980 1786 thensaurizare
1009 1719 1199 1786 thensauros
1222 1719 1374 1799 interra,
1416 1721 1469 1786 ubi

172 1844 270 1909 erugo
294 1830 327 1890 et
350 1826 437 1891 tinea
459 1825 659 1907 exterminat,
684 1829 717 1889 et
733 1822 886 1891 ubifures
902 1822 1056 1890 effodiunt
1077 1831 1111 1890 et
1125 1823 1283 1891 iurantur.
1299 1826 1350 1891 20.
1367 1824 1470 1891 Theu-

172 1932 331 1999 saurizate
354 1936 461 1997 nutem
484 1929 576 1996 uobis
599 1930 790 1995 thensauros
815 1930 844 1997 in
869 1930 969 2008 caelo,
1004 1930 1058 1995 ubi
1091 1948 1194 2013 neque
1219 1947 1329 2013 erugo,
1367 1948 1471 2011 neque

172 2038 260 2102 tinea
282 2036 481 2113 exterminat,
512 2039 546 2100 et
578 2033 742 2100 ubifures
775 2054 837 2099 161
865 2032 1023 2103 effodiunt
1056 2040 1089 2099 et
1118 2034 1275 2101 iurantur.
1320 2038 1371 2101 21.
1403 2033 1467 2099 Ubi

173 2142 255 2206 enim
280 2140 379 2206 luerit
400 2141 595 2207 thensaurus
617 2144 704 2223 tuus,
728 2140 771 2204 ibi
795 2140 857 2204 6111
880 2146 913 2204 61
936 2158 993 2205 661
1015 2146 1112 2205 tunm.
1153 2142 1204 2205 22.
1227 2139 1374 2205 Lucerna
1397 2156 1467 2204 cor·

174 2247 260 2329 poris
282 2248 330 2312 tui
353 2252 403 2312 661
419 2244 529 2310 661116
553 2251 637 2312 tuus.
662 2246 713 2312 23.
738 2245 772 2311 81
793 2245 878 2309 euim
901 2244 1013 2311 oculus
1035 2248 1111 2309 1116
1135 2243 1270 2325 simplex
1291 2242 1399 2325 inerit,
1421 2248 1471 2309 to·

173 2360 241 2419 tum
265 2368 381 2435 corpus
403 2355 493 2417 tuum
517 2351 655 2417 lucidum
679 2350 751 2416 erit.
775 2349 808 2415 81
842 2354 949 2414 611661
973 2349 1085 2415 661166
1117 2354 1192 2414 1116
1227 2366 1331 2432 nequa
1362 2347 1472 2427 fuerit,

174 2462 274 2524 tntum
299 2474 416 2539 corpus
439 2463 527 2523 tunur
566 2453 771 2522 tenebrosum
797 2458 855 2520 est.
880 2454 914 2520 81
938 2472 1012 2537 ergo
1035 2454 1153 2537 lumen,
1191 2453 1276 2537 quod
1300 2452 1333 2519 iu
1355 2458 1389 2519 te
1411 2457 1473 2534 661,

174 2561 325 2629 tenebrae
348 2566 432 2641 sunt,
457 2563 525 2645 ipse
549 2560 698 2627 tenebrae
721 2564 859 2644 quantae
882 2560 979 2625 snut?
1013 2560 1064 2626 24.
1095 2558 1198 2625 Nemo
1220 2562 1328 2643 potest
1348 2558 1473 2625 dnobus

175 2668 311 2733 dominis
335 2668 465 2751 seruire,
490 2671 546 2731 aut
571 2686 666 2732 unum
690 2666 778 2732 odiet
801 2672 835 2732 et
857 2667 990 2732 alterurn
1014 2666 1144 2744 amnuit,
1176 2671 1231 2730 aut
1260 2682 1357 2729 nnnm
1387 2664 1471 2747 pati·

174 2778 245 2839 6111
275 2777 307 2838 61
336 2772 473 2838 alterum
504 2776 694 2839 contemnet.
740 2772 811 2837 Nou
846 2772 982 2855 potestis
1013 2771 1074 2836 166
1095 2770 1217 2835 6616116
1243 2773 1277 2835 61
1298 2786 1471 2836 mamonae.

175 2880 226 2946 25.
250 2879 328 2946 1166
351 2878 423 2944 1166
446 2878 555 2946 uobis:
580 2897 620 2944 ne
645 2878 791 2961 cogitetis
815 2878 847 2943 in
878 2878 974 2945 corde
1008 2880 1117 2944 uestro
1150 2875 1228 2958 quid
1262 2874 1472 2956 manducetis,

175 3003 279 3068 neque
303 2985 427 3066 corpori
452 2985 528 3066 qnid
552 2982 700 3050 induatis.
727 2981 839 3048 Nonne
855 2985 961 3049 anima
976 2982 1048 3064 plns
1071 2987 1122 3047 est
1146 2998 1335 3064 1116116666,
1357 2987 1390 3046 et
1404 2999 1472 3046 661·

174 3107 236 3172 pus
259 3088 330 3170 plns
353 3094 406 3155 661
441 3107 533 3170 quarn
559 3085 811 3154 uestimentum?
834 3089 885 3154 26.
909 3085 1074 3168 Respicite
1098 3084 1245 3149 dolatilia
1267 3084 1357 3166 caeli,
1395 3101 1474 3166 quo·

177 3197 260 3260 uiam
284 3212 346 3259 unu
369 3201 490 3274 serunt,
529 3211 632 3276 neque
654 3196 787 3273 metunt,
825 3211 929 3276 neque
961 3196 1175 3272 congraegant
1204 3191 1236 3255 iu
1266 3189 1401 3271 horreis,
1440 3197 1474 3256 ct

180 3309 273 3385 pater
295 3307 405 3367 nester
428 3301 575 3366 caelestis
592 3299 695 3382 pascit
717 3298 773 3364 illa
806 3299 919 3364 Nonne
942 3316 1000 3364 uns
1024 3296 1126 3378 magis
1150 3297 1257 3378 plures
1280 3295 1360 3362 eatis
1384 3292 1475 3359 illis?

177 3409 227 3475 nt.
253 3404 330 3482 Quis
353 3410 460 3471 autern
484 3408 592 3486 potest
614 3409 755 3469 uestrum
787 3405 915 3468 adicere
949 3403 990 3468 ad
1021 3405 1174 3466 staturam
1208 3418 1300 3465 suam
1333 3399 1475 3464 cubitum

177 3513 298 3578 nuum?
343 3513 394 3578 28.
418 3511 462 3576 Et
485 3511 525 3575 de
551 3511 742 3575 uestimento
774 3508 903 3576 solliciti
934 3507 1038 3574 estis?
1083 3504 1292 3571 Considerate
1316 3503 1384 3568 lilia
1407 3505 1474 3584 agri

177 3615 335 3701 quomodo
360 3623 517 3694 crescunt,
542 3633 604 3679 non
627 3613 782 3708 laborant,
808 3629 912 3694 neque
934 3616 1041 3676 neunt.
1066 3611 1117 3677 29.
1141 3609 1221 3674 Dico
1244 3611 1350 3672 autern
1372 3604 1474 3684 uobis,

179 3725 328 3808 quoniam
351 3741 410 3787 nec
433 3719 581 3787 Solornnu
605 3721 636 3785 iu
661 3720 745 3784 omui
769 3717 872 3799 gloria
894 3735 952 3782 sna
968 3717 1014 3783 116
1029 3717 1197 3798 coopertus
1212 3712 1362 3780 66161611
1377 3727 1474 3774 nuum

177 3824 818 3905 611616308161111166611161111,
853 3822 938 3904 qnod
972 3822 1067 3887 hodie
1090 3826 1141 3886 est
1164 3823 1197 3883 et
1219 3835 1288 3882 cras
1311 3815 1472 3897 inignem

178 3935 324 4013 mittitur,
349 3933 427 3998 deus
450 3933 496 3996 sic
520 3931 627 4009 uestit,
651 3928 893 4012 quantomagis
917 3945 977 3991 uos
1000 3925 1143 3990 modicae
1165 3920 1263 3987 fidei?
1291 3921 1344 3985 31.
1368 3917 1476 3984 Nolite

178 4057 253 4120 ergo
273 4036 401 4102 solliciti
418 4053 489 4102 esse
506 4036 662 4100 diceutes:
687 4032 762 4114 quid
778 4030 1050 4108 manducabimus,
1073 4033 1130 4092 ant
1151 4027 1228 4108 qnid
1251 4024 1406 4102 bibemus,
1421 4026 1478 4088 aut

178 4143 255 4225 quid
279 4141 483 4225 operiemur?
528 4143 579 4206 32.
615 4139 704 4204 llaec
726 4137 809 4203 enirn
834 4141 944 4219 gentes
967 4135 1142 4216 inquirunt.
1166 4131 1233 4196 Scit
1255 4134 1362 4194 autem
1385 4134 1478 4210 pater

178 4254 297 4328 uester,
321 4247 467 4328 quoniam
491 4243 601 4309 horum
627 4243 764 4307 omniurn
789 4241 950 4324 indigetis.
996 4241 1049 4305 33.
1073 4235 1226 4316 Quaerite
1249 4250 1324 4316 ergo
1343 4251 1476 4315 reguum

179 4353 229 4418 161
254 4358 287 4418 61
311 4351 463 4416 iustitiam
487 4350 565 4426 eius,
590 4358 623 4413 et
644 4347 724 4412 haec
747 4347 852 4411 aurula
876 4345 1125 4426 praestabuntur
1147 4338 1247 4406 uobis.
1293 4338 1345 4404 34.
1369 4335 1477 4402 Nolite

178 4458 307 4523 solliciti
330 4475 401 4522 csse
424 4455 457 4520 iu
488 4455 678 4520 crastinum
717 4449 883 4516 Orestinus
917 4450 1002 4515 euim
1036 4448 1105 4513 dies
1135 4444 1293 4512 sollicitus
1324 4443 1386 4508 erit
1416 4442 1477 4508 sibi

177 4561 257 4643 ipse.
281 4557 405 4626 Sufficit
428 4557 491 4623 diei
516 4556 637 4624 malitia
659 4573 725 4624 sua.

283 4768 369 4840 vll.
396 4775 422 4836 1.
446 4770 555 4836 Nolite
575 4769 729 4847 iudicare,
753 4774 790 4831 ut
810 4781 872 4830 non
897 4762 1089 4830 indicemini.
1126 4763 1154 4828 2.
1179 4757 1217 4828 In
1239 4778 1301 4844 qno
1324 4759 1407 4827 enim
1429 4757 1478 4827 in-

179 4877 262 4945 dicio
286 4877 513 4951 iudicaberitis,
539 4873 735 4940 iudicabitur
757 4872 796 4938 de
818 4869 929 4954 uobis,
968 4877 1002 4934 et
1035 4870 1065 4933 in
1099 4888 1162 4953 qna
1194 4885 1345 4934 mensura
1377 4866 1479 4934 menei
