3625 5775
683 562 865 633 Euangeliou
892 564 1041 618 secundum
1062 564 1238 620 Meliboeam.
1521 566 1549 621 C.
1568 570 1602 621 28

415 772 587 841 xxvm.
622 778 648 839 l.
682 771 825 857 Uespero
855 780 962 839 autem
993 775 1128 859 sabbati,
1160 795 1242 857 quae
1271 776 1407 842 lucescit
1441 778 1473 841 in
1509 779 1612 860 prima

311 878 444 952 sabbati,
470 881 559 944 uenit
590 879 692 945 Maria
717 879 907 962 llagdaleno
930 886 964 945 et
989 880 1092 945 altera
1113 880 1217 947 Maria
1248 882 1359 947 uidere
1389 882 1605 965 sepulchrum.

311 984 340 1047 2.
365 984 408 1049 Et
430 1002 505 1049 eece
526 989 720 1050 terremotus
744 984 848 1051 laotos
872 990 923 1049 est
953 1004 1095 1067 magnus.
1132 987 1273 1068 Angelus
1295 989 1380 1053 enim
1413 986 1531 1052 domini
1556 988 1608 1053 de·

310 1088 434 1154 scandit
457 1088 497 1153 de
520 1089 619 1169 eaelo,
643 1095 676 1154 et
696 1090 856 1156 adcedens
879 1090 1018 1156 reuoluit
1040 1091 1180 1173 lapidem
1205 1098 1237 1156 et
1259 1093 1392 1158 sedebat
1414 1111 1512 1174 super
1528 1111 1610 1172 enm,

310 1196 561 1259 &scrutantem
586 1202 735 1276 aspectus
759 1196 829 1261 eius
852 1196 936 1261 sieut
959 1195 1075 1278 fulgur,
1106 1201 1139 1260 et
1163 1197 1355 1261 uestimenta
1377 1198 1447 1263 eins
1472 1198 1609 1262 candida

313 1300 397 1363 sicut
419 1300 481 1364 nix.
505 1300 536 1363 4.
568 1299 649 1364 Prae
680 1300 793 1366 timore
817 1306 924 1365 autem
947 1302 1016 1364 eius
1040 1301 1184 1365 exterriti
1209 1306 1283 1365 suut
1305 1303 1454 1366 custodes
1477 1307 1510 1367 et
1532 1301 1610 1368 iacti

313 1410 387 1469 sunt
419 1404 507 1469 uelut
529 1404 655 1469 mortui.
691 1405 720 1471 ὃ.
745 1404 955 1487 Respondeas
985 1411 1091 1469 autam
1122 1406 1255 1488 augelus
1291 1406 1371 1470 dixit
1401 1407 1608 1472 mulieribus:

312 1509 418 1575 Nolite
449 1510 562 1573 timere
594 1528 660 1588 uon,
685 1509 751 1574 scio
780 1511 862 1575 enim
886 1508 1115 1590 annuissem,
1146 1511 1199 1591 qui
1224 1509 1393 1577 crucifixus
1423 1518 1481 1587 est,
1513 1530 1609 1591 quae-

314 1614 400 1693 ritis;
431 1614 460 1679 6.
492 1633 554 1678 non
581 1619 636 1709 best
667 1614 728 1695 hie,
762 1616 900 1679 surrexit
931 1616 1026 1698 euim,
1057 1615 1142 1680 sicut
1172 1615 1267 1693 dixit;
1299 1618 1409 1681 uenite
1439 1620 1472 1681 et
1501 1616 1610 1680 uidete

312 1720 425 1797 locum,
459 1718 513 1783 ubi
537 1721 661 1801 positus
685 1723 754 1785 erat
777 1720 932 1786 dominus.
965 1723 995 1786 l.
1019 1719 1063 1784 Et
1085 1722 1149 1785 cito
1179 1726 1302 1795 euntes
1327 1720 1424 1785 dicite
1444 1720 1611 1803 discipulis

312 1825 391 1903 eius,
417 1822 492 1903 quia
515 1826 656 1889 surrexit
678 1830 712 1889 et
735 1826 897 1907 praecedit
922 1844 980 1889 uos
1003 1825 1035 1890 in
1060 1824 1246 1903 Galilaeam,
1276 1823 1320 1889 ibi
1344 1844 1417 1889 euru
1440 1824 1603 1890 uidebitis.

312 1928 397 1993 Ecce
428 1929 493 1993 dixi
518 1928 618 1995 uobis.
652 1931 680 1991 8.
706 1928 747 1994 Et
771 1930 918 1995 exierunt
948 1932 1011 1994 cito
1041 1929 1082 1994 de
1112 1936 1313 1995 monumento
1344 1948 1414 1995 cum
1438 1932 1554 1995 timore
1578 1936 1611 1995 et

311 2034 427 2114 gaudio
460 2052 571 2113 magno
596 2038 761 2099 currentes
793 2033 941 2098 nuntiare
975 2034 1140 2114 discipulis
1170 2034 1250 2099 eius.
1282 2037 1310 2100 9.
1336 2035 1378 2098 Et
1409 2054 1483 2099 ecce
1514 2034 1610 2100 Jesus

315 2138 454 2203 oecon-it
484 2138 548 2203 illis
579 2138 705 2203 dicens:
738 2136 873 2203 Habete.
905 2138 984 2203 illae
1016 2144 1221 2203 accesserunt
1251 2144 1284 2203 et
1314 2144 1487 2203 tenuerunt
1511 2141 1608 2221 podes

310 2244 383 2307 eius
407 2249 439 2307 et
461 2244 679 2309 adorauerunt
713 2261 795 2308 euru.
829 2245 878 2307 10.
902 2243 992 2307 Tunc
1016 2244 1061 2307 ait
1084 2243 1165 2308 illis:
1199 2243 1306 2309 Nolite
1328 2244 1442 2309 tiruere
1465 2263 1533 2323 uos,
1565 2246 1610 2309 ite

310 2350 458 2413 nuntiate
482 2348 635 2413 iratribus
667 2351 755 2429 meis,
780 2353 816 2413 ut
838 2353 913 2413 eant
945 2350 976 2413 in
1001 2348 1186 2425 Galilaeam,
1219 2349 1262 2413 ibi
1287 2368 1337 2414 me
1370 2350 1532 2414 uidebant.
1562 2353 1608 2415 ll.

311 2454 399 2529 (luae
423 2472 493 2519 cum
518 2454 668 2529 abissent,
692 2473 766 2519 ecce
790 2452 916 2533 quidam
942 2456 981 2519 de
1005 2453 1190 2519 custodibus
1211 2461 1369 2519 uenerunt
1391 2455 1423 2518 in
1448 2454 1609 2518 ciuitatem

309 2564 342 2622 et
358 2558 585 2623 nuntiauerant
601 2556 800 2641 principibus
816 2559 1018 2623 sacerdotum
1043 2558 1156 2633 omnio,
1177 2578 1258 2640 quae
1280 2558 1366 2624 iacta
1382 2564 1466 2626 sunt.
1496 2562 1543 2624 12.
1568 2558 1610 2622 Et

309 2663 490 2745 cougregati
522 2682 591 2729 euro
616 2664 796 2728 senioribus
820 2663 952 2728 consilio
986 2670 1117 2744 accepto
1164 2668 1213 2729 13.
1251 2666 1415 2745 pecuniam
1447 2665 1607 2746 copiosam

308 2767 465 2834 dederuut
482 2766 636 2833 militibus
652 2768 813 2833 dicentes:
839 2767 955 2847 Dicite,
980 2769 1053 2848 quia
1071 2768 1219 2849 discipuli
1243 2771 1312 2833 cius
1333 2776 1426 2833 nocte
1448 2774 1609 2835 uenerunt

310 2879 343 2938 et
365 2871 462 2939 iurati
487 2878 560 2940 sunt
583 2893 666 2956 erim,
689 2874 779 2940 nubis
803 2873 1043 2940 dormientibus
1072 2874 1119 2938 14.
1145 2874 1187 2938 Et
1210 2874 1237 2940 si
1259 2874 1319 2938 hnc
1343 2875 1485 2939 auditum
1508 2873 1608 2940 fuerit

309 2999 327 3043 o
351 2978 590 3060 praesideam
614 2979 817 3046 suadebimus
841 2980 870 3044 ci
894 2985 927 3047 et
954 2998 1084 3046 securos
1119 3000 1175 3046 uos
1204 2979 1368 3048 facieruns
1419 2981 1464 3046 15.
1489 2981 1537 3046 ild
1561 2981 1607 3046 illi

309 3091 440 3167 accepta
463 3087 597 3166 pleormia
619 3085 763 3150 iecerunt.
786 3087 867 3150 sicut
892 3093 983 3150 erant
1005 3086 1101 3150 docti.
1125 3086 1168 3150 Et
1184 3086 1384 3166 diuulgatum
1408 3092 1458 3150 est
1474 3086 1606 3150 uerbnru

308 3191 388 3254 istut
411 3196 488 3272 aput
511 3190 653 3257 iudaeos
675 3209 777 3271 usquo
801 3190 831 3254 in
849 3191 1037 3255 hodiernum
1061 3191 1152 3255 diem.
1179 3193 1227 3257 16.
1252 3191 1307 3255 xl.
1326 3197 1433 3255 autem
1456 3191 1607 3273 discipuli

311 3294 458 3360 abierunt
482 3295 512 3360 in
537 3301 652 3370 monte,
685 3297 738 3362 ubi
762 3294 973 3360 constituerat
993 3295 1058 3359 illis
1082 3293 1190 3360 Jesus.
1224 3297 1272 3361 ll.
1298 3295 1340 3360 Et
1362 3297 1511 3362 uidentes
1535 3313 1608 3360 euru

308 3399 532 3478 adorauerunt,
565 3399 691 3481 quidum
716 3403 822 3465 autem
844 3401 1081 3464 dubitauerunt.
1117 3403 1165 3465 18.
1190 3401 1233 3464 nt
1255 3403 1409 3467 accedens
1442 3400 1538 3467 Jesus
1560 3401 1606 3466 lo·

310 3511 401 3570 cutus
425 3511 474 3572 est
498 3506 563 3571 illis
587 3505 712 3571 dicens:
747 3507 829 3569 Data
853 3509 902 3571 est
929 3505 1004 3570 uiilri
1035 3504 1138 3570 orunis
1170 3511 1312 3586 potestas
1337 3508 1369 3570 in
1401 3507 1490 3572 caelo
1513 3511 1546 3570 et
1573 3507 1606 3570 in

307 3615 404 3674 terra.
431 3613 480 3676 19.
505 3609 628 3676 Eurrtes
653 3629 744 3690 nunc,
770 3612 881 3676 docete
905 3628 1013 3674 omnes
1037 3615 1156 3692 gentes
1188 3609 1387 3691 baptizantes
1410 3629 1466 3675 eos
1491 3612 1521 3673 iu
1547 3631 1602 3674 no·

307 3716 391 3779 mine
414 3715 514 3797 patris
537 3720 569 3780 et
592 3713 647 3780 lilii
672 3721 704 3779 et
726 3715 857 3799 spiritus
882 3716 994 3794 sancti,
1018 3716 1068 3778 20.
1094 3715 1244 3780 docentes
1268 3735 1323 3782 eos
1339 3734 1469 3781 securare
1485 3718 1602 3789 omnia,

307 3839 544 3901 ‹puaccomquae
574 3822 722 3885 mandaui
755 3821 856 3885 uobis.
893 3821 936 3885 Et
965 3837 1039 3884 ecce
1069 3838 1128 3901 ego
1158 3820 1320 3885 uobiscum
1351 3839 1420 3884 sum
1461 3819 1606 3885 munibus

311 3924 422 3988 diebus
447 3926 612 4006 usquead
638 3925 940 3990 consummationem
965 3924 1094 3989 saeculi.
1121 3927 1229 3991 duma.

412 4030 622 4111 Euangelium
647 4048 709 4095 sec.
736 4029 932 4095 lllutthaeum
956 4030 1095 4111 explicit.
1123 4030 1237 4113 incipit
1261 4049 1322 4094 sec.
1346 4028 1526 4094 Jolrannen.
