3625 5775
335 515 376 581 48
699 512 881 581 stieng-tium
903 512 1049 567 :rrnrxdnrn
1069 513 1250 567 Jnhannrnrn.
1559 518 1587 570 C.
1607 522 1631 569 4.

336 726 366 791 in
391 745 427 790 eo
452 725 522 793 sons
546 745 648 807 nqnne
671 726 816 791 salientis
841 726 871 790 in
898 726 995 791 uitam
1023 731 1194 793 aeternam.
1245 726 1291 791 15.
1340 726 1425 792 Dicit
1446 728 1475 792 ei
1498 726 1629 793 unctior:

334 833 469 907 domine,
494 834 534 898 da
557 833 633 897 mihi
657 833 739 898 hunc
755 852 878 914 uquam,
903 838 939 897 ut
961 852 1025 897 nou
1047 831 1163 911 sitiam,
1184 848 1287 913 neque
1308 831 1435 896 uoniam
1458 833 1529 896 istis
1551 833 1630 899 hau·

334 938 397 1002 rire
419 938 501 1002 iiiuc.
560 940 605 1003 16.
633 939 719 1002 Dicit
741 938 770 1001 ei
795 937 910 1003 Jesus:
941 938 1041 1016 nade,
1064 956 1143 1002 uoce
1166 937 1269 1001 uirum
1293 943 1384 1002 tuum
1407 942 1440 1000 et
1463 939 1535 1003 neni
1560 936 1628 1003 hoc.

335 1043 381 1106 17.
431 1043 606 1125 Respondit
629 1043 744 1109 mulier
766 1050 798 1107 ot
822 1043 903 1109 dixit
926 1044 975 1107 ei:
1022 1043 1092 1108 Non
1116 1041 1217 1107 habeo
1240 1042 1353 1107 uirum.
1386 1043 1491 1108 nitet
1515 1042 1628 1109 Jesus:

332 1147 554 1230 benedixisti,
578 1148 653 1230 qnia
677 1167 739 1214 uon
762 1147 860 1213 habes
885 1149 1004 1227 uir·unr;
1035 1151 1082 1213 18.
1108 1147 1342 1229 quinqueenim
1366 1147 1453 1213 uiros
1475 1146 1628 1228 habuisti,

332 1258 365 1317 et
389 1273 480 1332 ιιιιιιι,
505 1272 598 1334 quem
622 1256 732 1330 trebes,
758 1254 806 1318 nir
829 1258 904 1320 tuns
928 1270 989 1316 non
1013 1258 1077 1333 est;
1102 1253 1162 1319 hoc
1184 1270 1263 1318 uero
1287 1252 1407 1317 dixisti.
1445 1254 1505 1360 13
1544 1254 1629 1319 Dicit

333 1358 377 1421 iiii
392 1359 519 1423 mulier:
546 1360 682 1438 dominc,
706 1360 899 1441 niden,qniu
923 1357 1079 1441 propheta
1102 1376 1145 1422 es.
1179 1360 1231 1421 20.
1256 1356 1367 1422 Patres
1390 1360 1490 1423 nostri
1514 1358 1544 1423 in
1568 1360 1629 1424 hoc

275 1528 295 1554 s
331 1469 437 1528 monte
462 1464 743 1543 adoronor·unt,⁵et
766 1485 823 1530 nos
848 1465 964 1542 dicitis,
988 1464 1064 1544 quia
1080 1464 1110 1528 in
1135 1461 1366 1545 Hierosolymis
1388 1462 1549 1541 estlecns,
1572 1464 1627 1530 nni

330 1568 457 1633 adorari
483 1572 618 1649 oportet.
666 1571 715 1634 21.
753 1568 840 1634 Dicit
862 1568 907 1633 iili
930 1568 1043 1634 Jcsus:
1090 1565 1193 1632 Crede
1216 1567 1304 1647 mitri,
1328 1568 1453 1647 mulier,
1477 1570 1626 1651 qnoniam

330 1676 418 1740 uenit
452 1674 538 1752 hora,
574 1694 643 1741 rum
679 1694 780 1757 neque
811 1675 841 1739 in
879 1677 1080 1751 istomodo,
1118 1690 1219 1753 oeque
1242 1671 1275 1736 in
1299 1670 1626 1759 Hierosolymis-cdo-

330 1779 445 1846 rebitis
470 1784 602 1861 patrem.
630 1782 680 1845 22.
721 1779 788 1847 Uos
812 1780 963 1857 odoratis,
987 1778 1071 1859 qnod
1095 1776 1238 1857 nescium
1268 1778 1516 1864 nosadornurns,
1540 1781 1625 1863 quod

330 1885 456 1967 scimus,
481 1887 629 1966 quoniam
653 1886 742 1952 coins
765 1904 804 1949 ex
827 1883 953 1951 duriaco
983 1888 1042 1949 est.
1080 1884 1132 1948 ⁴23.
1171 1880 1233 1948 Sed
1264 1884 1355 1947 uenit
1377 1882 1463 1964 hora,
1487 1891 1520 1951 ct
1543 1904 1626 1953 nuuc

330 1996 387 2069 est,
424 2009 493 2055 cum
530 1992 597 2055 ueri
633 1990 819 2057 adoratores
857 1990 1035 2055 adorabunt
1074 1994 1195 2072 putrem
1226 1990 1257 2054 in
1281 1991 1396 2073 spiritu
1419 1997 1453 2058 et
1476 1992 1624 2058 ueritate.

329 2095 455 2161 Etenim
479 2100 571 2178 puter
594 2096 676 2161 tales
700 2098 834 2177 irriserit,
858 2095 913 2178 qni
937 2096 1070 2162 adorent
1093 2115 1164 2161 eum
1188 2096 1220 2159 iu
1243 2096 1366 2178 spiritu.
1398 2098 1450 2162 24.
1488 2098 1625 2179 Spiritus

328 2204 378 2265 est
401 2202 489 2275 deus,
513 2204 545 2266 et
568 2220 632 2284 eos,
656 2202 710 2284 qui
742 2201 875 2267 adorant
898 2220 979 2281 eum,
1003 2201 1035 2265 in
1058 2201 1173 2283 spiritu
1196 2201 1380 2267 etueritute
1402 2208 1527 2285 oportet
1549 2202 1622 2269 ado·

329 2324 409 2371 rnre.
430 2308 479 2371 ‘2:3.
503 2306 591 2373 Dicit
613 2306 642 2371 ei
662 2306 794 2372 mulier:
819 2306 889 2373 Soio
914 2307 988 2389 quia
1015 2306 1151 2372 Messias
1186 2306 1277 2372 uenit
1299 2306 1368 2387 (qui
1392 2308 1509 2373 dicitur
1533 2306 1624 2373 Cini-

328 2410 422 2495 stus,)
454 2430 524 2478 cunr
548 2430 623 2495 crgo
646 2414 773 2477 uenerit
793 2412 855 2495 iiie,
890 2412 1093 2477 adnuntianti
1128 2410 1219 2476 nobis
1241 2413 1355 2477 omnia.
1393 2413 1444 2479 26.
1485 2414 1572 2479 Dicit
1593 2416 1623 2481 ci

327 2516 439 2583 Jesus:
479 2517 547 2601 Ego
564 2535 633 2581 sum
657 2518 710 2599 qui
733 2519 846 2599 loquor
868 2524 980 2582 tecum.
1019 2516 1071 2582 27.
1094 2516 1137 2582 Et
1159 2518 1268 2582 stetim
1292 2522 1449 2582 uenerunt
1472 2518 1621 2603 disciputi

327 2622 407 2701 eius,
424 2620 664 2689 etinirabuntur
687 2641 735 2702 eo,
759 2623 843 2704 quod
868 2642 939 2689 cum
963 2620 1095 2686 mutierc
1120 2620 1314 2702 toqueretur.
1338 2618 1440 2687 Neruo
1463 2627 1569 2687 tanton
1592 2626 1621 2689 ri

326 2728 421 2792 dixit:
457 2729 532 2810 quid
558 2730 685 2809 qnaeris
709 2728 758 2791 noi
784 2729 859 2810 quid
896 2746 963 2792 curu
988 2746 1025 2791 ea
1059 2725 1225 2807 loqueris?
1261 2728 1313 2792 28.
1352 2726 1502 2808 Reliquid
1526 2729 1624 2810 igitur

327 2832 441 2898 mulier
463 2833 608 2916 hydriam
631 2852 722 2902 suana
745 2839 777 2899 et
802 2832 936 2900 obiitin
961 2831 1121 2898 ciuitatem
1153 2836 1185 2896 et
1208 2832 1289 2898 dixit
1326 2832 1525 2900 hominibus:
1570 2835 1621 2900 29.

329 2936 444 3003 Uerrito
468 2944 501 3003 et
525 2939 629 3004 uidete
640 2939 807 3018 hominem,
822 2946 874 3022 qui
887 2938 968 3004 dixit
984 2937 1057 3002 mihi
1080 2938 1194 3016 omnia,
1207 2955 1426 3019 quaecumque
1449 2937 1519 3019 foci,
1533 2958 1623 3004 uum·

327 3043 403 3125 qnid
428 3045 494 3126 ipse
519 3051 568 3110 est
591 3043 761 3110 Christus?
792 3045 843 3110 30.
874 3044 917 3108 Et
940 3044 1086 3109 exierunt
1108 3042 1148 3107 de
1172 3043 1306 3108 ciuitate
1330 3047 1363 3108 et
1388 3043 1559 3110 ueniebant
1581 3046 1622 3112 ad

329 3168 410 3214 euin.
434 3151 486 3216 31.
512 3149 716 3216 Postmodum
748 3154 853 3216 autem
885 3150 1040 3231 rogabant
1062 3166 1134 3211 oum
1157 3146 1305 3230 discipnii
1337 3147 1497 3215 dicentes:
1519 3149 1621 3231 rabbi,

327 3255 493 3321 inanduca.
517 3255 568 3322 3‘2.
595 3257 642 3321 dd
666 3253 822 3321 illedixit
846 3255 907 3320 eis:
951 3255 1019 3336 Ego
1042 3271 1150 3318 escam
1173 3251 1275 3317 habeo
1300 3253 1502 3332 nranducare,
1526 3274 1620 3337 quam

327 3378 384 3426 uos
408 3361 545 3426 nescitis.
570 3363 621 3426 33.
648 3361 765 3426 Dicunt
787 3367 892 3426 antem
907 3358 1058 3441 discipuli
1071 3358 1140 3424 eius
1163 3359 1203 3422 ad
1227 3357 1434 3423 atterutrum:
1460 3359 1621 3441 Numquid

328 3464 449 3546 aliquid
473 3465 588 3546 aliquis
612 3465 641 3529 ei
666 3465 774 3530 attulit
797 3465 1012 3530 manducare?
1035 3465 1086 3529 34.
1113 3461 1197 3528 Dicit
1220 3462 1268 3528 illi
1291 3461 1404 3528 iesus:
1452 3465 1525 3530 Mea
1548 3483 1621 3532 esca

326 3573 385 3652 est,
409 3576 445 3635 ut
476 3567 588 3635 inciam
612 3570 809 3634 uoluntatem
841 3571 922 3650 eius,
956 3571 1009 3652 qni
1045 3588 1093 3634 me
1116 3569 1212 3651 misit,
1244 3573 1277 3635 et
1300 3574 1335 3634 ut
1357 3567 1517 3652 perficiam
1541 3589 1621 3653 opus

325 3674 404 3738 eius.
429 3675 479 3740 35.
497 3673 609 3740 Nonne
632 3693 690 3741 uos
707 3675 824 3754 dicitis,
849 3675 998 3756 quonism
1017 3681 1155 3756 quatuor
1178 3674 1281 3738 adnue
1304 3693 1439 3753 menses,
1463 3679 1496 3740 et
1507 3678 1620 3743 messis

327 3780 439 3844 renit?
461 3781 544 3844 Ecce
569 3779 639 3845 dico
663 3780 772 3845 uobis:
798 3780 947 3846 cdlouute
971 3780 1079 3847 oculos
1103 3785 1230 3846 uestros
1252 3785 1285 3845 et
1304 3780 1439 3860 aspicite
1462 3781 1619 3864 regiones,

327 3885 403 3966 quia
427 3885 517 3950 adhue
541 3885 678 3952 suntad
702 3903 846 3952 messem.
879 3887 929 3952 36.
953 3885 1019 3950 Iam
1043 3886 1097 3968 qni
1120 3886 1220 3964 instit,
1246 3885 1424 3950 mercedem
1447 3887 1565 3971 accipit
1588 3893 1621 3954 et

325 3996 516 4073 congraegat
537 3990 672 4057 fructum
698 3990 729 4056 in
754 3992 849 4058 uiturn
874 3996 1049 4077 aeternam,
1073 3997 1158 4056 utet
1181 3991 1234 4074 qui
1258 3991 1403 4070 seminat,
1427 3991 1521 4057 simui
1544 4011 1620 4075 gau-

325 4095 409 4175 dent,
427 4101 459 4160 et
479 4099 533 4178 qui
550 4097 649 4162 metit.
674 4100 725 4164 37.
750 4098 787 4163 In
801 4097 861 4163 hoc
884 4098 970 4163 enim
992 4103 1042 4164 est
1065 4099 1197 4164 uerbum
1223 4115 1341 4177 uerum,
1366 4097 1513 4178 quoniam
1537 4099 1620 4166 atius

324 4207 382 4281 est,
407 4203 461 4283 qni
485 4203 629 4280 seminat,
654 4202 799 4283 otetur,
825 4203 879 4285 qui
906 4204 1005 4270 metit.
1029 4205 1081 4270 38.
1106 4203 1173 4285 Ego
1198 4204 1267 4268 ruisi
1298 4220 1357 4268 uos
1380 4208 1509 4283 metere,
1535 4207 1619 4286 quod

324 4325 380 4372 uos
405 4327 466 4372 non
491 4308 668 4383 laborastis
694 4314 727 4372 et
755 4327 811 4374 nos
836 4310 865 4372 in
892 4310 1000 4374 labore
1022 4327 1131 4375 eorum
1155 4310 1308 4374 intrastis.
1339 4310 1390 4375 39.
1415 4309 1464 4373 Ex
1488 4310 1620 4376 ciuitate

323 4418 428 4479 autern
455 4413 507 4477 illa
531 4414 624 4478 multi
647 4414 851 4480 crediderunt
880 4415 912 4480 in
936 4433 1008 4479 eum
1032 4414 1310 4498 Saruaritnnorum,
1334 4420 1463 4497 propter
1488 4414 1618 4482 uernum

323 4519 464 4583 mulieris
488 4519 705 4585 testimoninm
729 4521 934 4603 perhibentis,
961 4521 1109 4602 quonism
1136 4521 1215 4587 dixit
1238 4521 1268 4586 ei
1291 4521 1404 4604 onmia,
1429 4538 1510 4602 quae
1532 4519 1618 4587 iecit.

324 4625 374 4688 dO.
397 4622 439 4692 Ut
462 4643 537 4706 crgo
563 4633 719 4692 uenerunt
743 4627 865 4693 adonin
891 4625 1091 4706 Samaritani,
1123 4625 1278 4707 rogabant
1301 4644 1382 4706 eum,
1407 4629 1442 4691 ut
1464 4629 1542 4709 aput
1564 4645 1619 4694 cos

326 4737 477 4796 inniteret.
524 4732 575 4796 41.
620 4730 664 4796 Et
686 4733 803 4797 mansit
837 4733 879 4796 ibi
904 4730 1046 4798 biduum.
1085 4731 1128 4796 Et
1160 4732 1261 4796 multo
1284 4731 1392 4813 piures
1415 4732 1620 4798 crediderunt

326 4840 457 4916 propter
486 4834 617 4900 uerbum
643 4838 720 4900 eius.
745 4837 787 4900 42
811 4835 852 4901 nt
875 4835 1023 4900 dicebant
1038 4835 1177 4901 mulieri:
1204 4837 1267 4900 lain
1293 4857 1355 4902 nou
1379 4841 1507 4921 propter
1530 4841 1618 4902 tuum
