3625 5775
300 551 310 628 ξ
326 543 430 649 ΞᾸΟἏ
440 561 552 646 35:33
597 569 606 616 g
745 540 927 614 Euangeiium
946 539 1097 600 secundnm
1115 537 1266 598 Lucanum.
1563 539 1591 596 u.
1611 549 1652 597 ¹2.

356 757 405 823 uit
428 756 547 822 domini
569 756 619 822 sui
650 758 848 822 uoluntatem
876 761 910 820 55
939 774 1001 822 555
1034 756 1196 836 parareris
1223 753 1263 818 55
1287 753 1483 819 uoluntatem
1506 755 1575 820 5155
1593 802 1600 816 .
1618 805 1652 820 ..

356 865 405 928 515
426 863 491 928 mul
508 914 515 929 .
533 913 565 929 ..
595 865 648 928 48.
672 863 734 940 Qui
757 867 863 927 autem
886 879 949 925 non
966 861 1071 926 sciens
1087 859 1206 938 fecerit,
1224 858 1390 940 55551555
1406 876 1533 940 paucas
1558 856 1653 925 Omni

355 974 472 1049 autem,
504 969 553 1034 cui
584 968 716 1033 muitum
746 968 857 1032 dat-um
887 965 994 1044 fuerit,
1026 965 1160 1030 muitum
1192 969 1366 1047 quaeretur
1396 965 1436 1032 ab
1459 983 1514 1042 eo;
1545 970 1579 1030 et
1601 965 1653 1031 cui

356 1074 627 1139 commendauerit
642 1072 786 1152 muitum,
811 1073 885 1154 plus
900 1077 990 1154 petet
1005 1072 1044 1136 ab
1061 1090 1108 1136 55.
1132 1073 1185 1138 49.
1208 1070 1349 1136 Nescitis
1374 1071 1522 1152 quoniam
1547 1072 1652 1152 ignem

355 1179 429 1243 ueni
458 1178 585 1244 mittere
615 1180 646 1243 in
676 1183 805 1256 terram,
837 1181 870 1241 et
899 1175 978 1258 quid
1006 1176 1090 1252 uolo,
1122 1176 1460 1244 515555555555155.
1485 1177 1652 1258 Baptistae

356 1289 463 1348 autem
487 1283 589 1348 55555
613 1283 780 1365 baptizari,
803 1287 837 1347 55
858 1281 1146 1364 quomodoterbor
1164 1281 1353 1364 usquedum
1370 1279 1576 1364 perfidam?
1599 1283 1651 1347 51.

354 1387 482 1454 Putatis
505 1387 652 1470 quoniam
675 1405 785 1470 pacem
808 1390 881 1452 ueni
905 1387 1034 1452 mittere
1046 1387 1078 1450 15
1100 1387 1242 1452 terram?
1269 1386 1350 1470 Non,
1373 1386 1444 1452 dico
1468 1388 1571 1466 uobis,
1593 1387 1651 1452 sed

354 1492 602 1575 separationem.
638 1495 690 1558 52.
714 1492 821 1558 Erunt
843 1494 929 1557 enim
953 1491 1093 1574 quinque
1125 1493 1157 1556 in
1182 1492 1275 1558 domo
1299 1509 1363 1556 uua
1385 1491 1498 1570 diuisi;
1528 1498 1595 1557 tres
1617 1493 1649 1555 in

355 1597 417 1662 duo
439 1602 474 1662 et
496 1597 559 1662 duo
582 1598 615 1661 in
638 1603 705 1662 tros
729 1597 929 1663 diuiduntur:
955 1597 1061 1662 Meter
1085 1597 1117 1661 15
1141 1595 1216 1676 5115,
1239 1607 1272 1661 55
1295 1593 1409 1662 511515
1426 1601 1578 1674 matrem
1599 1599 1649 1664 53.

354 1706 447 1783 pater
469 1701 502 1766 in
526 1698 637 1782 511515,
661 1699 802 1769 attilius
825 1705 856 1769 15
891 1707 1015 1785 patrem
1039 1719 1130 1766 suum
1154 1701 1335 1781 diuidetur;
1365 1719 1478 1768 socrus
1501 1703 1534 1767 in
1556 1719 1649 1785 spon-

353 1823 420 1870 sam
443 1824 544 1886 suam,
567 1809 602 1870 et
624 1825 741 1888 555555
764 1807 944 1872 insacrum
968 1825 1068 1871 suem.
1095 1808 1147 1874 54.
1172 1806 1311 1873 Dicebat
1333 1812 1440 1873 autem
1463 1812 1496 1872 et
1519 1809 1561 1874 55
1583 1813 1650 1872 tur·

352 1909 427 1976 bas:
452 1930 524 1977 cunr
541 1963 547 1976 .
566 1959 599 1974 ..
623 1912 667 1976 515
690 1931 732 1975 55
749 1959 803 1977 ...
827 1913 1027 1978 oriente...
1052 1931 1209 1988 occasum,
1242 1913 1350 1977 stetim
1382 1913 1491 1980 dicitis
1522 1911 1649 1980 nimbus

353 2016 453 2094 uenit,
477 2023 511 2081 et
533 2016 581 2080 155
602 2015 667 2080 555.
691 2014 743 2082 55.
766 2017 904 2082 Etcum
928 2018 1075 2082 uideritis
1098 2022 1243 2084 austrum
1259 2017 1397 2092 flantem,
1422 2018 1540 2092 ducitis,
1564 2018 1649 2100 quod

351 2126 460 2187 555555
472 2125 543 2200 erit,
556 2122 647 2186 etita
660 2119 724 2186 555.
737 2124 789 2188 56.
803 2121 1008 2205 5555551555,
1023 2121 1135 2187 faciem
1149 2123 1277 2204 quidem
1290 2123 1369 2188 coeii
1383 2127 1415 2187 et
1427 2127 1534 2188 terrae
1546 2123 1649 2190 nostis

352 2225 498 2307 probare,
521 2226 581 2290 555
604 2231 710 2291 autem
733 2231 860 2308 tempus
875 2275 883 2290 .
901 2277 934 2290 ..
959 2229 1060 2309 proba
1077 2277 1084 2290 .
1104 2275 1138 2292 ..
1168 2227 1219 2292 51.
1245 2226 1337 2292 55515
1368 2226 1446 2308 15515
1479 2245 1542 2292 555
1567 2227 1650 2292 iudi·

353 2331 442 2405 catis,
466 2331 549 2411 quod
573 2332 691 2395 iustum
716 2331 866 2398 555155.
891 2332 972 2396 Dum
997 2332 1080 2396 enim
1106 2330 1198 2397 uadis
1221 2351 1292 2397 curu
1317 2331 1503 2398 aduersarIo
1537 2337 1592 2396 tuo
1608 2333 1648 2398 55

351 2437 570 2517 magistratum
587 2436 620 2500 in
637 2437 700 2519 uia,
725 2436 767 2500 da
789 2455 919 2516 operam
943 2436 1070 2501 liberari
1088 2436 1128 2500 ab
1152 2435 1216 2514 1115,
1241 2453 1281 2500 55
1301 2435 1384 2502 Iorte
1406 2437 1595 2504 condemnet
1617 2443 1649 2502 te

351 2541 436 2620 apud
459 2541 606 2620 iudicem,
637 2545 671 2605 et
700 2541 795 2606 iudex
824 2541 932 2607 tradat
965 2547 998 2606 te
1029 2541 1181 2619 erectori,
1211 2546 1245 2607 et
1272 2547 1401 2607 exactor
1423 2541 1529 2606 mittat
1559 2543 1647 2608 5515

350 2663 519 2710 carcerem.
554 2647 605 2713 59.
630 2645 710 2711 Dico
732 2645 808 2712 tibi:
842 2664 904 2710 555
928 2646 1015 2710 exies
1045 2645 1131 2723 Inde,
1162 2645 1262 2712 55555
1296 2646 1413 2712 reddas
1436 2647 1644 2712 nouissimum

349 2751 570 2830 quadrantem.

453 2958 552 3027 xru.
587 2965 616 3030 1.
640 2959 807 3027 Uenerunt
829 2968 935 3027 autem
968 2962 1096 3043 quidem
1128 2964 1197 3045 ipso
1228 2963 1260 3028 15
1290 2966 1433 3045 tempore
1465 2964 1647 3029 nuntiantes

349 3064 397 3129 iiii
419 3066 459 3131 55
490 3066 654 3145 (15515515,
682 3084 817 3148 quorum
847 3069 1034 3148 sanguinem
1068 3069 1191 3134 Pilatus
1223 3069 1350 3134 miscuit
1380 3088 1450 3135 cum
1482 3067 1647 3135 5551155115

348 3189 467 3236 eorum.
492 3174 521 3235 2.
546 3170 589 3234 Et
609 3172 808 3254 respondens
823 3172 905 3236 dixit
928 3171 1009 3239 iilis:
1035 3174 1180 3239 Putatis.
1200 3220 1231 3237 ..
1257 3173 1392 3239 (Ialilaei
1410 3192 1486 3255 prae
1502 3173 1646 3239 omnibns

350 3274 504 3340 GaiiIaeis
527 3274 658 3341 fuerunt
681 3280 874 3358 peccatores¹
898 3276 1043 3359 quitalie
1067 3278 1154 3359 passi
1177 3278 1274 3343 55551
1297 3280 1327 3345 3.
1352 3278 1432 3359 Non,
1449 3278 1521 3343 dico
1537 3278 1644 3352 uobIs;

348 3380 409 3444 nisi
443 3380 671 3462 paenitentiam
701 3380 858 3459 habeatis,
889 3382 1037 3447 similiter
1076 3400 1185 3448 omnes
1216 3382 1373 3465 peribitis.
1410 3384 1441 3447 4.
1475 3380 1564 3448 Sicut
1599 3383 1645 3449 1111

347 3484 465 3551 XVIII.
497 3504 595 3568 super
625 3504 705 3567 quos
736 3488 852 3552 cecidit
881 3488 982 3553 turris
1013 3488 1044 3551 15
1076 3486 1180 3553 511555
1210 3494 1243 3551 55
1274 3488 1340 3551 5551
1358 3536 1364 3551 .
1383 3536 1417 3552 ..
1443 3506 1459 3553 5
1490 3494 1644 3569 puta...

348 3589 432 3653 niam
456 3590 517 3670 ipsi
540 3590 702 3657 debitores
731 3590 862 3657 fuerunt
897 3597 1027 3673 praeter
1048 3610 1156 3659 omnes
1179 3592 1334 3671 homines,
1357 3593 1412 3675 qui
1436 3592 1592 3658 sedebant
1612 3592 1645 3659 in

348 3692 575 3761 Hierusalem?
598 3696 627 3761 5.
641 3694 721 3775 Nou,
747 3697 818 3764 dico
831 3697 932 3775 uobis,
950 3698 1005 3763 sed
1019 3698 1046 3763 si
1061 3716 1122 3763 non
1140 3696 1355 3777 credideritis,
1372 3714 1481 3763 omnes
1497 3697 1641 3763 homiues

347 3799 502 3878 peribitis.
516 3803 546 3866 6.
560 3800 695 3865 Dicebat
707 3810 814 3867 autem
826 3801 906 3866 bauo
923 3801 1175 3867 similitudinem:
1190 3800 1343 3867 Arbacem
1355 3800 1454 3869 ficus.
1469 3855 1475 3869 .
1491 3850 1498 3866 .
1515 3804 1645 3885 quidam

348 3903 523 3983 plantatam
547 3906 578 3969 15
610 3907 749 3985 niueam,
772 3911 807 3971 et
828 3908 920 3971 uenit
936 3924 1092 3986 quaerens
1108 3906 1245 3973 fructum
1263 3906 1294 3973 15
1311 3908 1366 3974 1115
1382 3914 1415 3973 55
1431 3928 1493 3973 555
1510 3908 1642 3975 1555515.

348 4009 375 4072 7.
401 4009 492 4073 Dixit
515 4014 618 4075 antem
642 4010 681 4077 55
706 4010 860 4076 cultorem
873 4011 1002 4076 uineae:
1027 4012 1111 4077 Ecce
1128 4014 1201 4077 anni
1219 4019 1283 4079 tres
1300 4018 1383 4091 5555,
1401 4032 1440 4077 ex
1455 4032 1517 4095 quo
1539 4014 1643 4091 uenio,

346 4130 503 4193 quaereus
527 4114 663 4181 Iructum
686 4116 719 4181 in
741 4114 876 4181 ficulnea
898 4116 960 4180 bac
991 4121 1024 4180 55
1048 4136 1109 4182 555
1134 4118 1273 4196 1555515,
1297 4118 1426 4184 5555155
1448 4135 1524 4198 ergo
1544 4118 1642 4196 illam,

345 4224 381 4283 ut
404 4218 479 4299 quid
503 4221 597 4284 etiam
620 4224 740 4284 terram
764 4224 925 4287 euacuat‘i
949 4222 979 4287 8.
1004 4221 1054 4286 Ad
1071 4222 1126 4287 iIIe
1143 4224 1338 4303 respondens
1355 4226 1401 4287 515
1418 4222 1479 4287 iili:
1505 4224 1641 4301 domine,

345 4324 473 4388 remitte
496 4324 582 4389 illam
605 4328 638 4388 55
660 4324 720 4390 555
742 4344 836 4400 auno,
868 4344 969 4408 usque
1000 4327 1073 4393 dum
1096 4327 1213 4393 fodiam
1244 4328 1330 4393 ciuca
1354 4326 1440 4393 illem
1464 4340 1497 4393 et
1518 4328 1642 4393 mittum

345 4428 517 4509 cophinum
539 4430 699 4511 stercoris,
724 4434 754 4495 9.
771 4438 804 4497 55
816 4432 973 4513 siquidem
997 4430 1109 4497 iecerit
1130 4431 1284 4509 iructum;
1308 4432 1357 4497 sin
1377 4430 1642 4512 5555515555-

344 4551 413 4597 rum
438 4532 582 4599 succides
605 4534 700 4599 iilam.
728 4540 776 4603 10.
803 4537 883 4603 Erat
904 4544 1012 4601 autom
1037 4538 1153 4604 docens
1177 4539 1209 4602 in
1232 4556 1295 4603 uua
1318 4556 1549 4621 synagogarum
1570 4537 1641 4603 sab·

343 4639 437 4702 batis.
474 4640 523 4701 ll.
554 4638 598 4703 Et
627 4657 702 4705 ecce
732 4641 855 4720 mulier,
887 4660 970 4723 quae
1000 4641 1139 4707 5555555
1161 4642 1308 4723 55151555]
1332 4640 1526 4709 infirmitatis
1549 4644 1640 4707 55515

342 4742 459 4809 XVIII.
492 4748 526 4807 et
556 4750 625 4810 erat
647 4745 811 4823 inclinata,
836 4766 894 4810 nec
919 4748 1046 4812 omniuo
1078 4752 1205 4830 poteret
1235 4767 1359 4814 sursum
1390 4748 1559 4831 respicere,
1591 4750 1637 4812 12.

342 4844 443 4925 Quam
467 4866 537 4913 cum
565 4848 700 4931 uideret,
731 4852 860 4915 uocauit
891 4870 960 4917 eam
984 4852 1024 4917 ad
1055 4870 1090 4919 se
1121 4860 1153 4918 et
1184 4852 1228 4919 515
1257 4853 1324 4919 iiii:
1356 4853 1479 4933 mulier,
1509 4852 1640 4919 dimissa
