3625 5775
126 505 152 557 C.
169 511 194 557 s.
483 502 662 572 Euangeliou
680 502 830 563 amandum
851 503 985 557 Marcum.
1362 505 1418 569 127

127 716 164 779 Et
186 734 258 781 cnm
281 716 434 781 intrasset
456 714 523 779 iilia
545 713 735 780 Herodiadis
757 718 791 779 et
813 713 966 779 saltasset
988 720 1023 778 et
1045 714 1219 796 placuisset
1243 714 1361 779 Herodi
1391 718 1425 778 et

126 819 172 885 bis
194 817 250 901 qui
270 817 368 885 simul
391 817 628 895 recumbebant,
652 819 733 884 dixit
754 837 810 883 rex
834 817 981 900 poellne:
1022 819 1143 883 Pelea
1165 838 1225 896 me,
1251 819 1337 899 qood
1364 819 1423 895 uie,

124 929 154 987 et
175 922 260 989 dabo
283 924 364 1001 tibi;
399 926 451 989 23.
474 928 509 990 et
530 923 650 989 iurauit
673 924 721 989 iili
742 924 887 989 mulieri:
923 922 998 1004 qnia
1032 922 1255 1004 quodcumque
1280 922 1423 1003 petieris,

125 1028 204 1094 dabo
226 1028 298 1103 tibi,
322 1028 466 1094 etiamsi
486 1026 650 1094 dimidium
673 1027 764 1109 regni
786 1030 858 1095 mei.
882 1028 932 1091 24.
958 1028 1047 1093 Exiit
1071 1033 1176 1091 autom
1201 1027 1308 1108 puella
1331 1028 1423 1091 ctnit

124 1132 215 1196 matri
237 1150 333 1197 suas:
358 1131 440 1210 Quid
464 1132 515 1197 uis
538 1136 573 1197 ut
596 1139 724 1214 petum?
758 1132 809 1197 sd
831 1131 1006 1197 illedixit:
1032 1130 1137 1213 Caput
1159 1131 1315 1197 lobannis
1338 1132 1422 1213 Bap-

124 1239 229 1302 tistae.
261 1239 315 1303 25.
340 1235 484 1318 Cumque
505 1240 656 1303 intrasset
677 1237 717 1302 ad
740 1254 848 1319 regern
870 1237 933 1301 ait:
959 1232 1132 1301 Confestim
1157 1236 1197 1300 da
1224 1236 1300 1301 inihi
1328 1254 1424 1317 super

124 1342 244 1408 discum
279 1348 376 1423 caput
407 1340 565 1408 lobannis
597 1340 776 1425 Baptistae.
821 1343 873 1406 26.
897 1341 942 1406 Et
972 1340 1181 1405 contristatus
1212 1357 1268 1403 rex
1294 1345 1424 1421 propter

124 1448 391 1521 iuramentnmet
414 1451 547 1529 propter
567 1445 662 1513 simul
686 1446 907 1512 recumbentes
930 1445 1034 1511 noluit
1057 1462 1184 1525 negare,
1220 1445 1270 1508 27.
1295 1450 1328 1509 et
1351 1462 1423 1509 con·

124 1551 228 1617 festim
245 1550 376 1617 mittens
391 1551 592 1633 speculatore
615 1550 690 1633 isici
707 1551 803 1617 iussit
824 1551 945 1616 auferri
962 1556 1057 1629 caput
1073 1549 1153 1615 eius.
1179 1549 1275 1631 fsque
1293 1548 1373 1613 abiit
1387 1554 1421 1613 et

124 1655 298 1723 decollauit
318 1676 391 1723 eom
415 1656 607 1733 incarcere,
632 1658 683 1723 28.
706 1662 740 1723 et
761 1656 868 1722 attulit
901 1661 999 1739 capnt
1022 1654 1091 1720 eius
1115 1655 1146 1718 in
1171 1654 1258 1719 iliaco
1282 1659 1315 1718 et
1337 1652 1426 1717 dedit

125 1759 261 1840 puellae,
286 1760 394 1843 puella
415 1766 523 1827 antem
546 1760 637 1827 dedit
658 1760 739 1827 illud
760 1762 854 1827 matri
876 1779 965 1827 snae.
991 1760 1041 1825 29.
1055 1760 1127 1838 Quo
1150 1759 1260 1823 aurlito
1276 1758 1425 1839 discipuli

123 1866 190 1929 eius
213 1868 374 1929 uenerunt
395 1870 429 1931 et
451 1864 593 1931 tulerunt
617 1866 813 1949 corpuseius
828 1871 862 1931 et
877 1871 1052 1947 posuerunt
1064 1864 1144 1929 illud
1161 1863 1192 1928 in
1206 1868 1423 1928 uronumento.

126 1971 172 2035 30.
196 1969 242 2035 Et
264 1974 485 2035 conuenerunt
506 1970 643 2051 apostoli
666 1970 707 2034 ad
729 1968 841 2035 Jesum
864 1977 897 2033 ei
920 1968 1187 2034 renuntiauerant
1203 1968 1318 2046 omnia,
1343 1985 1424 2048 quae

126 2070 268 2137 fecerant
298 2079 332 2137 et
355 2074 537 2139 docuerant.
568 2075 620 2139 31.
651 2074 695 2141 Et
717 2076 763 2141 ait
784 2074 849 2139 illis
870 2073 986 2139 lesus:
1022 2073 1138 2139 Uenite
1162 2090 1222 2137 uos
1244 2076 1369 2137 secreto
1392 2072 1424 2136 in

125 2175 286 2243 desertum
316 2176 430 2257 locum,
460 2182 496 2243 et
516 2179 707 2260 requiescite
736 2178 897 2259 pusillum.
945 2179 1046 2244 Erant
1075 2178 1160 2243 enim
1192 2176 1247 2258 qui
1278 2176 1367 2241 ibant
1390 2193 1427 2240 nc

126 2282 274 2347 redibant
285 2281 388 2361 multi,
411 2288 445 2346 et
467 2300 526 2347 nec
551 2283 759 2349 manducandi
783 2284 922 2366 spatium
947 2283 1116 2348 linbebsnt.
1140 2284 1192 2348 32.
1217 2282 1260 2345 Et
1275 2280 1425 2345 abierunt

126 2387 154 2449 in
177 2386 340 2451 desertum
363 2387 468 2453 locum
490 2392 625 2453 secreto.
650 2391 700 2455 33.
725 2388 812 2466 Quos
834 2393 870 2453 ut
891 2386 1042 2453 uiderunt
1057 2394 1182 2463 euntes,
1207 2392 1427 2468 cognouerunt

127 2490 214 2556 roolti
238 2495 274 2555 et
297 2492 517 2575 pedestreaab
532 2494 677 2559 omnibus
693 2493 879 2559 ciuitatibus
895 2498 1126 2559 concurrerunt
1147 2492 1191 2557 ibi
1215 2497 1249 2556 et
1271 2510 1426 2557 conuene-

126 2601 199 2659 rnnt
215 2595 303 2661 illuc.
327 2597 380 2660 34.
396 2597 558 2680 Egressus
573 2604 679 2663 antem
696 2604 732 2663 ut
747 2599 830 2664 uidit
844 2599 977 2664 multam
995 2599 1121 2663 turbam
1139 2596 1246 2674 Jesus,
1272 2598 1424 2662 misertus

125 2708 172 2765 est
193 2719 296 2779 super
316 2719 383 2782 eos,
406 2702 460 2783 qui
484 2709 577 2767 erant
598 2702 688 2768 uelut
702 2722 780 2769 oues
802 2723 866 2769 non
888 2701 1044 2768 babentes
1067 2708 1238 2782 pastorem,
1263 2708 1295 2767 et
1319 2702 1426 2782 coepit

127 2804 243 2869 docere
267 2804 341 2871 illos
363 2806 474 2871 multa.
497 2810 549 2873 35.
573 2806 709 2872 Etcum
733 2809 796 2873 inm
820 2808 899 2874 liora
923 2807 1255 2883 fie1·et,accessernnt
1279 2805 1427 2890 discipuli

125 2913 193 2975 eius
217 2911 364 2975 dicentes
386 2913 437 2977 ei:
472 2912 555 2990 Quia
577 2912 724 2980 desertus
747 2914 919 2996 locasset,
951 2919 984 2979 et
1006 2913 1086 2977 born
1109 2915 1172 2977 iam
1196 2912 1372 2994 praeteriit,
1395 2919 1429 2977 et

126 3016 200 3096 qnia
231 3015 354 3079 multae
383 3014 498 3080 turbae
528 3023 612 3096 sunt,
645 3021 697 3084 36.
732 3018 857 3084 dirnitte
888 3018 971 3096 illos,
1005 3025 1042 3083 ut
1072 3025 1184 3082 cuntes
1208 3019 1240 3081 in
1264 3017 1428 3100 proximas

33 3132 34 3203 ι
126 3119 222 3185 uillas
246 3123 283 3182 et
305 3119 441 3186 castella
470 3126 577 3185 emant
606 3121 667 3187 sibi
698 3141 824 3205 panem,
859 3124 947 3205 qnod
970 3123 1171 3200 manducent,
1196 3123 1269 3203 quia
1293 3121 1344 3186 bic
1365 3139 1428 3185 non

33 3294 34 3317 χ
125 3223 257 3288 babent.
289 3225 341 3288 37.
373 3223 417 3288 Et
445 3225 643 3306 respondens
673 3226 754 3291 dixit
775 3227 855 3292 illis:
892 3226 967 3292 date
991 3225 1055 3292 illis
1079 3244 1136 3290 uos
1160 3226 1362 3291 manducare.
1386 3225 1430 3290 Et

33 3390 34 3395 ,
126 3329 241 3394 dicunt
263 3330 315 3394 ei:
349 3328 470 3397 ibimus
492 3337 526 3395 et
547 3349 687 3397 ememus
722 3333 862 3398 denariis
898 3333 1046 3397 ducentis
1080 3349 1180 3414 panos
1214 3336 1246 3396 et
1282 3328 1428 3396 dabimus

125 3433 198 3513 illis,
236 3441 274 3499 ut
297 3433 498 3500 manducent
532 3437 584 3501 38.
619 3435 675 3502 Ait
696 3437 760 3503 illis
789 3438 905 3504 lesus:
941 3436 1028 3515 Quot
1061 3454 1158 3517 panes
1189 3435 1339 3500 habetis?
1373 3438 1428 3512 lte,

126 3539 245 3604 uidete.
271 3537 343 3614 Quo
366 3539 491 3618 cognito
514 3539 625 3605 dicunt
646 3543 692 3606 ei:
727 3541 876 3624 Quinque
898 3547 933 3607 et
955 3541 1034 3607 duos
1058 3541 1170 3624 pisces.
1194 3541 1247 3605 33.
1271 3537 1314 3604 Et
1336 3557 1428 3620 prae-

129 3643 213 3724 cepit
237 3641 304 3706 illis
327 3640 434 3721 Jesus,
457 3648 493 3708 ut
515 3644 749 3711 discumberent
772 3665 882 3711 omnes
905 3646 1080 3711 secundum
1105 3645 1314 3710 contubernia
1331 3661 1429 3724 supra

128 3747 268 3812 uiridem
303 3745 440 3812 faenum.
477 3749 530 3812 40.
553 3748 597 3816 Et
619 3750 849 3816 discubuerunt
871 3750 903 3814 in
929 3755 1035 3830 partes
1060 3769 1116 3831 per
1140 3753 1293 3814 centenos
1316 3754 1349 3812 et
1372 3767 1429 3828 per
1531 3745 1533 3750 ’

125 3853 379 3934 quinquagenos.
424 3853 476 3918 41.
511 3853 554 3918 Et
586 3857 730 3935 acceptis,
760 3853 856 3919 Jesos
890 3856 1032 3935 quinque
1066 3854 1203 3936 panibus
1237 3857 1270 3917 et
1304 3851 1428 3917 duobus

127 3957 272 4037 piscibus
296 3955 471 4038 inspiciens
494 3959 526 4022 io
549 3959 673 4025 caelum
692 3960 866 4038 benedixit,
890 3966 924 4024 et
947 3959 1045 4042 fregit
1068 3959 1141 4024 illos
1165 3959 1305 4039 quinque
1329 3975 1429 4040 panes

126 4069 157 4125 et
178 4059 274 4125 dedit
297 4059 466 4141 discipulis
488 4063 557 4127 suis
578 4068 615 4128 nt
637 4071 792 4147 ponerent
814 4069 888 4130 ante
912 4064 994 4143 illos,
1031 4071 1064 4128 et
1088 4065 1168 4129 dnos
1190 4065 1295 4146 pisces
1319 4063 1431 4127 diuisit

126 4164 278 4230 similiter
312 4165 468 4230 omnibus.
502 4170 554 4231 42.
590 4169 632 4232 ut
655 4170 929 4235 manducaueront
963 4187 1074 4236 ornnes
1108 4177 1142 4233 et
1176 4169 1311 4233 saturnii
1346 4174 1430 4232 sunt.

126 4275 174 4338 43.
201 4270 249 4334 Et
272 4269 418 4334 tulerunt
440 4269 690 4352 fragmentorum
716 4275 868 4356 cophinos
890 4273 952 4338 Xll
985 4275 1096 4356 plenos
1131 4291 1252 4339 necnon
1276 4273 1315 4336 de
1339 4273 1433 4354 pisci-

126 4377 193 4441 bus.
227 4375 282 4438 44.
306 4372 409 4438 Erant
431 4383 537 4441 autem
567 4379 622 4460 qui
645 4380 920 4445 manduconeront
944 4378 980 4444 V.
1011 4379 1102 4443 milis
1125 4377 1274 4442 uirorum.
1312 4379 1363 4443 45.
1389 4377 1432 4441 Et

126 4483 239 4547 statim
262 4495 423 4558 exurgens
447 4483 552 4565 coegit
573 4484 747 4565 discipulos
763 4502 838 4548 suos
854 4486 1027 4549 ascendere
1052 4487 1083 4550 in
1108 4483 1258 4548 nauicula
1280 4487 1313 4547 et
1337 4499 1430 4563 prae·

126 4588 244 4654 cedere
279 4600 316 4646 se
350 4587 439 4649 trans
470 4585 586 4654 fretum
619 4609 639 4655 a
676 4589 843 4674 bedsaida,
877 4590 947 4670 ipse
977 4595 1082 4654 autern
1119 4588 1241 4652 dimisit
1287 4587 1430 4652 turbam:

125 4695 175 4760 46.
199 4691 249 4756 Et
272 4685 436 4770 profectos
466 4696 506 4758 ab
530 4696 587 4774 eis,
611 4694 744 4758 obiitin
769 4700 905 4757 montem
930 4698 966 4756 nt
988 4699 1104 4757 oraret.
1130 4695 1180 4758 47.
1206 4692 1333 4757 Etcum
1358 4709 1430 4756 sero

126 4801 214 4863 essct
238 4792 303 4858 iam
325 4787 455 4874 facturn,
485 4802 556 4863 erat
589 4800 673 4862 enini
705 4800 797 4880 longe
828 4797 978 4862 nauicula
1009 4798 1040 4860 in
1075 4797 1281 4861 mediomari
1306 4795 1431 4878 etipse
