3625 5775
147 495 180 550 C.
205 503 247 552 lo.
548 491 730 560 Euangeliom
748 491 899 548 secondum
917 491 1068 547 Lucanum.
1419 503 1459 567 97

145 713 185 774 et
211 726 305 774 nemo
335 708 426 772 nouit
457 712 589 788 patrem,
627 705 690 770 nisi
721 703 806 770 filius
837 710 870 772 et
899 724 961 785 que
985 753 992 770 .
1020 755 1026 766 .
1051 757 1090 774 ..
1122 709 1168 774 bit
1199 709 1244 776 fili
1269 761 1275 776 .
1301 761 1308 776 .
1334 761 1340 775 .
1367 763 1372 775 .
1397 709 1459 776 nisi

145 818 249 894 pater
273 861 280 875 .
306 862 314 877 .
339 862 347 876 .
373 861 379 876 .
405 810 544 876 uoluerit
565 808 651 877 filius
674 810 831 875 reuelare.
877 812 929 876 23.
963 812 1007 878 Et
1029 832 1203 880 conuersus
1230 821 1280 882 est
1302 817 1342 881 od
1367 816 1459 882 disci-

144 918 251 1000 pulos
273 918 372 983 dixit:
419 918 512 982 Beati
544 917 652 998 itaque
682 913 778 995 ocoli,
801 915 856 996 qui
878 916 1000 997 uident,
1024 910 1106 1000 quae
1129 918 1257 985 uidetis.
1304 921 1354 986 24.
1378 921 1460 986 Dico

145 1031 239 1088 enim
263 1023 363 1100 uobis,
389 1022 474 1104 quod
497 1021 587 1086 molti
610 1020 789 1103 prophetae
811 1023 844 1084 et
866 1021 944 1086 iusti
969 1022 1138 1088 uoluerunt
1161 1023 1281 1104 uidere¹
1307 1043 1459 1106 quaeoos

145 1127 284 1202 uidetis,
315 1131 348 1192 et
370 1145 433 1192 non
456 1124 617 1202 uiderunt,
648 1124 827 1206 exaudire,
850 1143 934 1205 qaae
957 1145 1014 1191 uos
1037 1127 1185 1205 audistis,
1209 1134 1242 1193 et
1265 1147 1326 1193 uon
1350 1130 1459 1194 audie·

146 1237 239 1296 runt.
264 1235 316 1298 25.
340 1231 430 1297 Haec
452 1249 491 1296 eo
514 1231 641 1296 dicente
663 1248 739 1294 ecce
755 1229 885 1310 quidam
898 1231 1115 1312 legisperitus
1128 1233 1276 1312 surrexit,
1299 1237 1458 1315 temptans

146 1337 244 1400 illnrn
268 1343 300 1402 et
323 1337 448 1402 dicens:
485 1336 650 1416 Magister,
674 1336 750 1415 qnid
784 1334 932 1400 iaciendo
956 1337 1055 1401 uitam
1079 1341 1240 1403 aeternam
1266 1337 1458 1418 possidebo?

146 1443 207 1508 26.
232 1441 282 1506 Ad
304 1441 359 1506 ille
382 1442 464 1507 dixit
485 1441 524 1505 ad
548 1459 638 1506 enm:
661 1441 699 1505 lo
722 1439 793 1520 lege
815 1440 892 1520 quid
918 1442 1160 1522 scriptumest?
1183 1443 1459 1526 qoonrodolegisl

148 1549 208 1612 27.
233 1545 294 1612 llle
316 1547 514 1629 respondens
537 1545 634 1609 dixit:
658 1543 783 1624 Diliges
805 1543 967 1610 dominum
990 1545 1085 1611 deum
1109 1552 1196 1612 tuom
1222 1547 1254 1611 in
1278 1549 1457 1614 totocorde

145 1657 222 1728 tuo,
261 1657 294 1716 ct
318 1652 349 1715 in
373 1657 441 1717 toto
464 1650 657 1728 animatae,
696 1653 729 1713 et
750 1649 783 1714 in
807 1649 953 1716 omnibus
976 1650 1099 1716 uiribus
1123 1653 1197 1732 tois
1226 1659 1266 1722 et,
1280 1655 1457 1735 proximum

146 1761 244 1820 tunm
266 1757 352 1822 sicot
382 1761 414 1822 te
436 1757 552 1838 ipsum.
598 1758 649 1822 28.
675 1755 762 1820 Dixit
798 1761 905 1822 autem
928 1755 993 1821 illi:
1028 1755 1127 1822 Recte
1150 1757 1362 1838 respondisti:
1398 1759 1457 1824 hoc

146 1861 205 1927 lac
242 1867 275 1927 et
304 1863 406 1926 niues.
452 1863 502 1925 29.
538 1860 598 1926 llle
627 1865 734 1925 autem
765 1859 876 1926 uolens
907 1859 1081 1926 iustificare
1116 1880 1151 1926 se
1174 1862 1276 1942 ipsum
1316 1863 1396 1928 dixit
1417 1863 1457 1928 ad

146 1968 284 2034 Jesnm:
330 1966 372 2031 Et
402 1967 554 2048 quisset
584 1984 672 2032 meus
703 1965 888 2048 proximos?
933 1969 984 2032 30.
1013 1965 1197 2048 Suspiciens
1231 1974 1337 2033 autem
1359 1967 1457 2033 lesus

148 2073 251 2138 dixit:
290 2071 393 2137 Homo
425 2073 639 2138 descendebat
673 2072 713 2136 ab
744 2069 948 2136 Hierusalem
982 2074 1015 2138 in
1039 2069 1191 2137 Hiericho
1225 2077 1259 2138 et
1280 2073 1394 2138 incidit
1423 2075 1455 2137 in

147 2178 306 2256 latrones,
343 2176 398 2260 qni
431 2177 528 2242 etiam
559 2176 822 2258 despoliauernnt
850 2175 940 2240 illum
974 2183 1008 2241 et
1036 2177 1138 2260 plagis
1170 2178 1388 2260 impositis..
1416 2227 1454 2242 ..

149 2286 230 2346 uiuo
253 2280 410 2347 obierunt.
435 2284 488 2348 31.
512 2283 667 2348 Sacerdos
680 2281 808 2362 quidam
826 2281 1042 2346 descendebat
1065 2302 1121 2364 per
1145 2283 1255 2348 eadem
1272 2283 1324 2347 uia
1341 2283 1455 2348 etuiso

147 2386 209 2451 illo
220 2386 397 2469 praeteriit.
420 2388 472 2452 32.
497 2386 811 2463 Similiteretleuita,
828 2404 899 2452 anm
923 2391 1011 2452 esset
1027 2405 1119 2453 secus
1144 2386 1258 2466 locum,
1272 2388 1453 2466 diuideret,

150 2510 227 2556 eum
250 2492 446 2573 pertransiit.
471 2493 521 2557 33.
534 2488 752 2556 Samaritanus
770 2495 876 2555 autem
899 2491 1027 2573 qnidam
1043 2490 1243 2557 iterfaciens
1266 2492 1377 2560 uenit.
1396 2541 1403 2556 .
1421 2544 1428 2558 .
1446 2541 1454 2557 .

150 2615 228 2660 oum
252 2601 285 2661 et
306 2598 421 2661 uidens
443 2595 663 2662 misericordia
685 2600 791 2661 motus
813 2600 874 2661 est.
912 2598 964 2662 31.
997 2597 1039 2661 Et
1061 2597 1207 2679 alligauit
1230 2595 1363 2662 noluero
1385 2598 1455 2662 eius

150 2706 189 2765 et
209 2699 379 2766 infundens
403 2700 507 2766 oleum
530 2705 563 2765 et
585 2701 920 2780 ainomethopooens
944 2699 1032 2768 illum
1056 2700 1088 2764 in
1111 2701 1250 2765 iumento
1273 2718 1341 2780 suo,
1365 2701 1456 2766 duxit

151 2804 196 2869 ad
219 2805 389 2885 stabolum,
413 2812 445 2871 et
468 2823 576 2870 coram
601 2807 671 2870 eins
695 2805 772 2886 egit.
800 2806 851 2870 35.
875 2804 920 2870 Et
942 2805 1043 2871 altera
1065 2806 1118 2871 die
1141 2805 1276 2886 protulit
1298 2805 1379 2872 duos
1401 2807 1454 2871 de-

149 2912 262 2977 narius
291 2917 325 2976 et
347 2910 437 2976 dedit
467 2910 643 2977 stabulario
673 2916 708 2975 et
730 2911 791 2976 ait:
830 2929 938 2975 coram
960 2912 1029 2975 eius
1052 2910 1143 2991 habe,
1182 2916 1214 2977 et
1236 2912 1454 2993 quodcumque

150 3016 445 3098 supcrerogooerm,
479 3034 538 3097 ego
572 3020 740 3081 reuertens
774 3015 904 3081 reddam
933 3015 1002 3081 tibi.
1047 3017 1098 3082 36.
1124 3016 1200 3094 Quis
1223 3016 1335 3081 horum
1358 3018 1453 3082 trium

151 3101 285 3185 nidetor
306 3120 366 3185 tibi
388 3121 550 3202 proximus
572 3119 672 3186 luisse
695 3120 735 3196 ei,
770 3121 824 3201 qui
851 3119 963 3185 incidit
985 3119 1017 3183 in
1040 3119 1205 3185 latrones?
1250 3120 1302 3185 37.
1327 3120 1376 3186 hd
1401 3120 1454 3185 ille

152 3226 250 3291 dixit:
287 3225 348 3302 Qui
370 3223 447 3291 lecit
469 3224 721 3291 misericordiam
745 3226 777 3289 in
800 3244 880 3290 eum.
907 3226 951 3290 Et
972 3226 1019 3291 ait
1041 3224 1089 3289 illi
1112 3223 1225 3291 Jesus:
1250 3222 1343 3293 Uada
1363 3230 1396 3291 et
1419 3232 1454 3291 to

151 3330 203 3395 lac
226 3330 383 3396 similiter.
430 3332 481 3397 38.
513 3330 647 3395 Factum
678 3335 729 3394 est
759 3335 875 3407 autem,
912 3348 982 3396 cnm
1012 3331 1097 3397 irent
1119 3329 1243 3412 etipse
1265 3332 1398 3397 intrauit
1420 3334 1454 3397 in

153 3433 290 3518 quodam
323 3434 464 3515 castello,
498 3440 531 3501 et
561 3434 676 3500 molier
710 3436 865 3515 quaedam
897 3434 1024 3502 Martha
1056 3436 1183 3500 nomine
1216 3434 1341 3517 excepit
1364 3437 1452 3502 illum

152 3542 187 3605 in
211 3541 337 3605 domum
361 3558 469 3617 suam;
504 3540 555 3606 39.
582 3543 616 3604 et
638 3539 712 3606 huic
735 3547 806 3608 erat
828 3559 920 3607 soror
943 3538 1069 3609 nomine
1093 3539 1206 3619 Mario,
1245 3560 1326 3620 quae
1357 3542 1453 3607 otiam

152 3646 271 3713 sedena
292 3663 386 3711 secus
408 3646 507 3726 pedes
530 3645 610 3711 Jeso
634 3645 786 3711 audiebat
819 3645 952 3709 uerbum
988 3644 1083 3711 illius.
1119 3646 1171 3711 40.
1196 3642 1324 3710 Martha
1346 3653 1452 3711 autem

152 3750 319 3831 satagebat
342 3752 427 3816 circo
458 3751 682 3828 ministerium,
719 3768 801 3831 qnae
823 3750 925 3832 stetit,
961 3754 993 3815 et
1016 3750 1078 3815 ait:
1116 3748 1187 3815 Non
1212 3747 1343 3814 esttibi
1366 3768 1452 3827 cura,

153 3874 192 3921 eo
216 3856 302 3936 qood
324 3872 414 3921 soror
445 3874 518 3921 mea
539 3854 675 3935 reliquid
706 3873 756 3919 me
786 3855 885 3920 solam
907 3853 1113 3919 ministrare?
1144 3854 1198 3920 dic
1227 3872 1303 3935 crgo
1326 3854 1383 3935 ihi,
1418 3860 1453 3921 ut
1525 3906 1531 3917 .

151 3980 205 4026 me
238 3961 378 4027 adiuuet.
424 3963 477 4026 41.
512 3960 555 4026 ut
588 3958 784 4041 respondens
818 3958 899 4024 dixit
922 3958 968 4023 illi
992 3958 1103 4029 Jesos:
1140 3958 1278 4038 Martha,
1313 3959 1451 4044 Martha,

152 4068 206 4132 42.
230 4065 365 4131 Mariam
388 4067 539 4148 optimam
562 4069 687 4147 portem
710 4062 810 4144 elegit
832 4063 903 4145 sibi,
928 4083 1010 4146 quae
1034 4083 1095 4129 oon
1120 4063 1283 4131 auferetur
1308 4064 1365 4129 illi.

256 4273 323 4342 xl.
348 4280 375 4341 l.
400 4276 442 4339 Et
464 4275 583 4345 iactum
605 4280 664 4357 est,
689 4293 759 4339 com
782 4277 869 4339 esset
891 4275 959 4356 ipse
983 4274 1015 4339 in
1038 4274 1172 4356 quodam
1198 4273 1266 4339 loco
1290 4292 1393 4353 orans,
1418 4281 1451 4340 et

152 4387 189 4447 ut
212 4381 361 4461 cessauit,
386 4380 469 4446 dixit
497 4398 579 4445 unus
602 4398 641 4443 ex
665 4378 832 4462 discipulis
857 4378 926 4444 eius
957 4379 997 4444 ad
1020 4399 1108 4445 eoru:
1134 4379 1270 4454 domine,
1295 4381 1452 4445 ducenos

151 4505 255 4570 orare,
278 4488 361 4554 sicot
382 4486 545 4552 lohannes
581 4486 690 4553 docuit
721 4484 895 4567 discipulos
933 4503 1016 4550 suos.
1063 4488 1092 4550 2.
1116 4484 1159 4549 Et
1183 4485 1231 4549 ait
1251 4484 1332 4549 illis:
1371 4483 1452 4549 Com

151 4594 263 4670 oratis,
287 4592 399 4657 dicite:
425 4592 524 4657 Pater
545 4595 660 4663 noster,
676 4591 731 4672 aui
754 4590 961 4670 colocasiis,
984 4589 1199 4671 sanctificatur
1222 4609 1331 4653 nomen
1353 4595 1450 4654 loona.

155 4695 274 4764 Uem'ut
293 4716 422 4780 regnum
444 4699 542 4763 tuaac.
567 4696 642 4760 Fiat
663 4695 808 4760 voluutas
830 4700 888 4759 tua
912 4696 944 4759 ia
966 4694 1092 4760 coeloet
1114 4695 1256 4761 interro.
1282 4698 1311 4759 3.
1329 4696 1451 4765 Panem

150 4806 294 4867 amomon
317 4800 524 4865 cottidianam
546 4802 589 4865 do
612 4801 700 4865 nobis
717 4800 816 4865 hodie.
839 4804 871 4865 4.
888 4802 932 4865 ht
954 4801 1076 4866 dimitto
1098 4800 1187 4866 nobis
1208 4801 1314 4865 debila
1328 4804 1450 4879 nostru,

1261 4944 1275 4991 'l
