3625 5775
514 1613 741 1701 (Euenpeiium
766 1615 946 1683 seeundum
970 1614 1173 1697 iohannem.)

289 1822 315 1890 l.
342 1824 381 1888 In
398 1824 559 1907 principio
590 1830 659 1889 erut
682 1824 810 1889 uerbum
841 1830 870 1890 et
892 1826 1021 1889 uerbum
1044 1830 1114 1890 erat
1136 1830 1215 1908 opert
1238 1825 1339 1901 deum,
1362 1833 1392 1891 et
1415 1827 1492 1891 dens

185 1934 258 1993 erut
291 1950 421 1995 uer...
460 1933 489 1993 2.
524 1931 588 1993 Hor
621 1934 691 1995 erut
721 1930 755 1994 in
780 1931 943 2014 principie
975 1935 1054 2013 uput
1083 1931 1183 1997 denen.
1228 1934 1259 1995 3.
1297 1930 1413 1995 Omnia
1432 1955 1492 2014 per

184 2036 371 2112 rubefacta
392 2037 476 2114 soret,
501 2039 529 2098 et
552 2035 619 2099 sine
641 2056 710 2099 eum
726 2039 926 2114 factumest
949 2035 1038 2113 rribil,
1062 2038 1148 2119 qnod
1160 2038 1405 2114 rureternfuotnm
1429 2039 1490 2118 est3

183 2142 217 2205 4.
244 2138 409 2203 Ineonita
424 2144 480 2221 est,
505 2144 534 2203 et
545 2138 614 2204 nitu
628 2144 674 2204 est
685 2140 742 2203 tur
765 2138 933 2203 betorinum.
959 2142 988 2203 5.
1014 2141 1057 2203 Et
1078 2140 1135 2203 lue
1156 2138 1235 2204 lueet
1257 2141 1293 2203 in
1313 2141 1449 2205 tenebris
1461 2146 1490 2204 et

184 2243 331 2308 tenebrae
364 2264 433 2309 eum
468 2264 529 2308 non
563 2244 868 2327 oonrprebrrnternnt.
915 2243 1294 2311 oberenmunester
1318 2268 1339 2310 a
1362 2246 1417 2309 deo
1439 2248 1491 2310 cui

184 2367 299 2412 nornen
321 2353 391 2412 erut
405 2348 572 2415 Jobunur's.
599 2352 627 2413 7.
647 2351 707 2414 hh‘o
729 2349 814 2414 uenit
838 2350 1104 2427 intestinorum,
1127 2354 1163 2412 ut
1186 2350 1397 2414 testimonium
1416 2373 1489 2434 per-

183 2452 305 2516 biberet
327 2453 365 2517 de
383 2452 509 2533 lurnine,
532 2464 565 2517 nt
588 2474 692 2518 ornnes
715 2454 875 2518 crederent
895 2476 953 2536 per
975 2434 1054 2520 eunt.
1079 2456 1107 2520 8.
1132 2454 1202 2519 Nou
1218 2460 1287 2520 erut
1303 2455 1356 2520 ille
1372 2456 1489 2540 lumen,

184 2558 243 2621 seut
262 2564 295 2622 ιιι
312 2558 525 2623 testimouium
551 2560 734 2641 perhiberet
750 2561 789 2625 de
806 2558 934 2623 lumine.
959 2560 988 2625 9.
1012 2557 1093 2624 Erat
1108 2558 1193 2625 euim
1218 2560 1272 2623 lux
1294 2579 1386 2644 uera,
1410 2580 1489 2641 quoe

186 2661 399 2727 inluminabat
423 2682 548 2728 orunern
569 2663 729 2728 hourinenr
761 2664 944 2729 uenientem
980 2666 1011 2727 in
1046 2664 1131 2728 inuno
1163 2664 1322 2729 ιιιιιιιιΙιιιιι.
1381 2668 1429 2733 10.
1453 2666 1490 2730 Iu

185 2767 246 2833 hoo
269 2768 386 2832 mundo
411 2774 490 2849 erut,
515 2772 547 2833 et
569 2769 706 2833 mundus
730 2788 787 2850 per
811 2788 882 2833 erim
905 2768 1009 2833 sactus
1033 2774 1090 2847 est,
1115 2774 1147 2834 et
1170 2770 1306 2835 muudus
1333 2788 1405 2834 euni
1428 2789 1489 2834 nou

184 2874 344 2955 cognouit.
394 2878 441 2940 n.
478 2873 515 2939 Iu
547 2893 603 2939 suu
640 2875 767 2956 propriu
795 2875 892 2952 uenit,
933 2879 965 2940 et
998 2876 1047 2939 sui
1083 2893 1155 2939 euin
1193 2894 1254 2939 non
1291 2879 1489 2957 receperunt.

188 2981 239 3043 12.
265 2978 440 3060 Quodquod
474 2983 579 3044 nutem
612 2983 801 3061 receperunt
824 2997 905 3058 euru,
931 2980 1020 3044 dedit
1043 2980 1090 3044 eis
1113 2985 1306 3062 potestatem
1330 2979 1412 3046 filios
1435 2981 1488 3046 dei

185 3082 266 3162 fieri,
291 3083 493 3150 credentibus
515 3087 545 3149 in
570 3087 696 3150 nornine
719 3088 798 3165 eius¹
840 3088 885 3151 13.
910 3087 964 3166 qui
990 3105 1051 3150 nou
1083 3105 1122 3150 ex
1146 3087 1301 3168 sanguiue
1324 3104 1427 3168 neque
1450 3104 1488 3149 ex

184 3188 352 3253 uoluntate
376 3191 490 3272 ternio,
514 3209 573 3255 neo
597 3209 635 3253 es
659 3190 825 3255 uoluntate
850 3191 921 3270 uiri,
945 3191 1002 3254 sed
1026 3211 1063 3254 ex
1088 3191 1148 3256 deo
1171 3197 1266 3257 nutus
1283 3197 1342 3255 est.
1380 3194 1429 3257 14.
1446 3191 1490 3255 Et

184 3294 318 3358 uerbuuu
350 3313 424 3361 euro
459 3294 545 3360 sueto
579 3301 629 3362 ost
663 3301 695 3361 et
729 3295 886 3360 hubituuit
920 3297 950 3360 in
986 3297 1085 3374 nobis,
1118 3301 1151 3361 et
1172 3297 1312 3362 uidimus
1335 3294 1486 3360 honorem

185 3399 267 3474 eius,
285 3399 417 3479 glorium
435 3402 526 3481 quasi
551 3402 703 3482 unigeniti
722 3407 842 3484 epatre
866 3401 995 3482 plenum
1018 3401 1122 3482 gratio
1145 3407 1177 3464 et
1192 3401 1339 3466 ueritate.
1366 3403 1414 3467 15.
1432 3399 1486 3466 Jo-

184 3503 299 3569 huunis
334 3503 526 3571 testificatur
560 3510 592 3570 et
627 3507 759 3570 elamat:
796 3505 857 3570 Hie
880 3513 939 3581 est,
971 3507 1011 3568 ‹ie
1041 3524 1103 3586 quo
1136 3507 1216 3570 dixi:
1254 3505 1314 3582 Qui
1341 3487 1487 3584 post'ure

184 3611 285 3686 uenit,
310 3615 384 3673 ante
409 3629 458 3674 nie
482 3609 587 3674 suetus
610 3615 668 3688 est,
693 3611 768 3692 quiu
803 3611 889 3692 prior
913 3629 962 3673 rue
985 3616 1074 3683 erut;
1115 3613 1162 3675 16.
1186 3609 1334 3691 quouieru
1358 3609 1398 3674 de
1421 3609 1487 3689 ple·

184 3713 330 3778 nitudiue
365 3715 434 3778 eius
469 3733 526 3778 uos
557 3733 665 3779 omnes
697 3715 877 3795 ueeepinrus
909 3714 1045 3794 grutiurn
1069 3733 1125 3795 pro
1149 3713 1301 3793 grutiurn3
1339 3714 1388 3778 17.
1412 3712 1488 3792 quio

185 3818 237 3884 lex
261 3839 319 3901 per
345 3818 476 3900 Moysen
502 3821 575 3886 date
599 3826 658 3903 est,
683 3821 785 3900 gretia
809 3827 915 3883 auteur
940 3819 1107 3883 etueritns
1124 3817 1307 3899 pertesum
1324 3817 1484 3882 Christum

183 3923 269 3988 suctu
293 3929 351 3988 est.
402 3927 450 3990 18.
478 3925 578 3988 Deum
609 3943 701 3988 nenio
725 3924 807 3987 uidit
831 3941 991 4002 uiriquuru,
1016 3922 1078 3987 nisi
1101 3922 1283 4002 unigenitus
1314 3919 1407 3999 titius,
1432 3923 1485 4002 qui

184 4030 235 4093 est
268 4029 300 4092 iu
323 4029 395 4093 sinu
427 4031 537 4109 putris,
570 4029 636 4108 ipse
671 4031 841 4094 enarr-uuit.
892 4029 940 4091 ιι).
972 4027 1015 4092 Ει
1037 4025 1098 4092 hoo
1119 4033 1170 4091 est
1192 4026 1408 4092 testimouium
1432 4025 1486 4090 Jo-

183 4131 310 4208 hauuis
344 4151 413 4198 euru
445 4133 625 4198 mississent
648 4132 687 4196 ud
713 4151 782 4196 euin
819 4131 935 4195 ιιιιιιιιιιι
967 4130 1006 4195 nb
1035 4129 1266 4210 Hierosolymis
1301 4130 1483 4194 sacerdotes

184 4243 218 4301 et
242 4238 378 4314 leuitas,
410 4243 445 4302 nt
468 4238 702 4319 interrogarent
722 4255 812 4302 euru:
846 4236 891 4299 Tu
916 4238 987 4316 quis
1011 4235 1070 4300 es?
1092 4237 1143 4302 20.
1180 4236 1222 4300 Et
1244 4234 1406 4300 coufessus
1433 4241 1484 4300 est

184 4349 219 4406 et
248 4360 310 4406 nun
343 4341 489 4423 negauit3
514 4341 677 4407 coufessus
709 4349 768 4418 est,
792 4341 868 4421 quia
891 4357 950 4420 ego
973 4359 1035 4406 nou
1070 4359 1138 4406 sum
1164 4339 1321 4406 Christus.
1366 4341 1417 4405 21.
1441 4339 1485 4404 Et

185 4448 465 4528 interrogaberunt
495 4466 566 4511 eum
597 4448 712 4513 iterum
737 4447 896 4512 dieentes:
930 4444 1042 4510 Helius
1065 4463 1099 4509 es
1122 4444 1186 4508 tn?
1220 4445 1291 4510 Ait:
1316 4462 1379 4507 nou
1404 4462 1484 4509 sum.

184 4551 268 4628 Quid
294 4552 393 4633 ergo?
415 4550 574 4634 Propheta
597 4571 631 4618 es
654 4552 714 4616 tu?
737 4551 779 4615 Et
796 4550 979 4631 respoudit:
1002 4547 1081 4613 Nou.
1106 4551 1158 4612 22.
1181 4547 1225 4614 Et
1249 4549 1411 4613 dixerunt:
1437 4549 1488 4614 die

183 4675 258 4739 ergo
282 4655 382 4735 uobis,
407 4662 441 4723 ut
464 4676 652 4739 responsum
673 4657 783 4721 demus
806 4653 866 4733 his,
891 4656 945 4736 qui
967 4656 1123 4720 miserunt
1144 4654 1225 4720 nos?
1247 4654 1324 4736 quid
1347 4653 1428 4719 diois
1446 4654 1485 4718 de

184 4765 217 4824 te
243 4761 335 4842 ipso?
360 4763 410 4826 23.
437 4763 558 4838 Quibus
583 4764 645 4828 uit:
670 4781 729 4844 ego
754 4779 815 4824 uox
841 4759 1008 4824 elarnautis
1031 4759 1062 4822 iu
1078 4759 1223 4824 deserto:
1248 4757 1376 4839 dirigite
1399 4759 1482 4823 nium

184 4866 313 4934 ιιιιιιιιιιι.
365 4869 415 4936 rt.
440 4866 482 4932 Et
506 4868 559 4951 qui
601 4865 688 4934 ruissi
722 4867 850 4932 suerunt
885 4884 923 4928 ex
957 4863 1126 4932 h'urisueie
1173 4865 1216 4932 Ut
1251 4863 1483 4948 interrogarent
