3625 5775
165 557 186 606 c
214 563 238 610 a.
561 556 741 628 Euangelium
760 556 911 612 secundum
931 555 1082 612 Lucanum.
1426 563 1468 628 85

165 767 220 834 bat
244 787 282 834 ea
305 769 401 851 loqui,
425 770 501 852 quia
522 769 668 836 sciebant
699 769 803 852 ipsum
835 787 907 834 esse
937 767 1109 833 Christum.
1155 771 1207 836 42.
1232 769 1329 836 Facta
1362 775 1468 835 autem

164 874 218 938 die
240 892 389 956 agressrm
412 875 481 940 ibat
502 875 534 938 in
557 875 720 938 desertum
742 871 857 954 locum,
881 878 915 937 et
937 872 1050 937 turbae
1074 874 1282 954 requirebant
1316 893 1399 960 cunr,
1434 879 1468 939 et

165 997 226 1043 nen
246 1029 253 1041 .
274 1029 308 1045 ..
338 996 439 1060 usque
463 978 504 1042 ad
528 977 630 1060 ipsum
655 984 688 1043 et
709 978 891 1044 retinebant
915 977 1013 1055 illnnn,
1047 982 1082 1042 ut
1112 978 1152 1044 ab
1175 977 1255 1061 ipsis
1278 998 1341 1045 non
1366 979 1469 1046 disce·

165 1084 268 1148 deret.
293 1084 345 1148 43.
369 1082 493 1160 Quibus
520 1082 574 1148 ille
596 1084 659 1148 ait:
680 1083 763 1161 Quin
785 1088 818 1147 et
841 1083 913 1148 aliis
936 1080 1123 1148 ciuitatibus
1145 1089 1274 1166 oportet
1296 1103 1344 1149 me
1368 1105 1467 1151 enan·

164 1188 263 1253 lirare
299 1206 430 1270 regnum
469 1189 530 1265 dei,
565 1188 641 1270 quia
674 1187 744 1253 ideo
778 1189 895 1252 missus
918 1206 995 1252 snrn.
1041 1188 1093 1251 44.
1118 1188 1160 1252 Et
1183 1193 1253 1252 erat
1276 1189 1467 1270 praedicans

164 1293 196 1357 in
219 1292 390 1376 synagogis
414 1291 589 1358 Galilaeae.

267 1501 309 1569 V.
336 1504 362 1566 1.
387 1501 520 1567 Factum
532 1507 583 1568 est
597 1508 714 1580 autem,
731 1520 803 1566 cum
816 1501 928 1567 turbae
945 1503 1113 1567 inruerunt
1130 1503 1162 1567 in
1175 1519 1257 1583 eum,
1271 1505 1307 1567 ut
1317 1501 1467 1568 audirent

164 1606 297 1672 uerbum
321 1606 383 1686 dei,
406 1605 530 1689 etipse
554 1607 662 1673 stabat
691 1625 782 1672 secus
812 1611 960 1688 stagnum
986 1606 1171 1674 Genezaret.
1218 1609 1247 1671 2.
1272 1603 1364 1672 Uidit
1387 1608 1467 1672 duas

164 1729 263 1776 naues
285 1715 375 1776 stare
397 1728 491 1776 secus
515 1717 679 1793 stagnum3
712 1714 890 1793 piscatores
920 1715 1027 1776 antem
1059 1711 1297 1778 descendebant
1323 1716 1356 1775 et
1378 1712 1467 1777 lana-

163 1815 241 1880 bant
262 1816 354 1881 retia.
398 1815 428 1880 3.
453 1815 638 1882 ascendens
662 1821 767 1880 autern
791 1817 824 1880 iu
846 1833 942 1880 unam
966 1833 1092 1895 nauem,
1116 1834 1197 1898 quae
1222 1821 1291 1881 erat
1314 1816 1462 1894 simonie,

162 1921 290 2002 rogauit
311 1937 394 1999 eum,
416 1925 454 1983 ur
475 1920 664 1986 inducerent
686 1920 727 1985 ad
751 1926 870 1984 terram
902 1919 1145 2002 aliquantulum.
1169 1920 1213 1986 Et
1236 1921 1349 1988 sedens
1373 1905 1466 1986 doce-

162 2026 219 2090 bat
241 2025 282 2089 de
305 2025 455 2090 nanicula
469 2025 589 2090 turbas.
612 2027 643 2090 4.
667 2024 712 2089 Ut
729 2025 872 2090 cessauit
887 2032 993 2090 antem
1009 2025 1107 2107 loqui,
1133 2026 1213 2090 dixit
1235 2025 1276 2090 ad
1299 2023 1463 2091 Simonon:

163 2129 234 2194 Duc
257 2131 288 2193 in
311 2129 409 2194 altum
433 2135 466 2194 et
488 2129 594 2195 laxate
628 2131 711 2194 retia
739 2136 849 2197 uestra
875 2132 907 2195 in
933 2135 1105 2210 capturam.
1144 2133 1174 2198 5.
1199 2131 1242 2196 Et
1265 2131 1465 2212 respondens

162 2235 270 2301 Simon
294 2235 377 2301 dixit
400 2234 465 2300 illi:
498 2235 699 2317 Praeceptor,
724 2255 783 2318 per
804 2242 905 2302 totam
930 2240 1053 2301 noctem
1076 2233 1268 2318 laborantes
1293 2235 1373 2299 nibil
1395 2253 1465 2300 coe-

161 2339 277 2423 pimus,
310 2339 366 2404 sed
390 2340 422 2404 in
444 2339 544 2404 uerbo
578 2342 633 2404 tuo
667 2338 781 2405 laxabo
804 2342 895 2405 retia.
931 2342 960 2404 6.
978 2340 1107 2404 Etcum
1123 2340 1182 2404 hoc
1205 2337 1366 2418 iecissent,
1391 2359 1465 2405 con-

163 2444 330 2510 cluserunt
356 2446 490 2527 piscium
525 2445 761 2510 multitudinem
785 2447 953 2527 copiosam,
978 2443 1208 2526 rumpebantur
1241 2449 1348 2510 autem
1381 2444 1465 2510 retia

162 2569 279 2614 eornm.
306 2552 335 2616 l.
358 2551 402 2615 Et
424 2552 605 2616 adnuerunt
628 2549 733 2631 sociis,
758 2548 925 2630 quierant
948 2548 980 2612 in
1004 2549 1068 2612 alin
1091 2549 1176 2627 niani,
1200 2552 1236 2612 ut
1262 2549 1409 2614 uenirent
1431 2554 1466 2613 et

161 2657 354 2722 adiuuarent
376 2673 440 2721 eos.
464 2657 509 2721 Et
531 2656 746 2738 impleuerunt
768 2655 878 2720 ambas
904 2654 1079 2733 anniculas,
1103 2654 1149 2718 ita
1172 2658 1208 2717 ut
1230 2658 1463 2736 mergerentur.

160 2762 191 2826 8.
216 2759 308 2837 Quod
333 2779 403 2825 cunr
426 2761 553 2826 uideret
566 2760 673 2826 Simon
697 2757 836 2840 procidit
859 2759 898 2822 ad
923 2777 1025 2840 genna
1041 2758 1119 2823 Jesn
1135 2758 1262 2824 dicens:
1286 2758 1347 2823 Eri
1371 2778 1389 2824 a
1412 2779 1463 2824 me

160 2865 298 2947 domine,
332 2864 407 2948 quia
435 2864 529 2930 bonno
554 2869 702 2946 peccator
732 2881 810 2929 snm.
849 2865 878 2931 9.
911 2863 1041 2929 Miratio
1072 2866 1155 2930 eninr
1187 2863 1400 2930 habebat...
1431 2870 1464 2930 et

160 2989 272 3036 omnes
289 2970 342 3051 qni
360 2988 430 3035 cum
445 2970 499 3034 illo
515 2974 616 3048 erant,
640 2970 672 3034 in
688 2974 821 3051 captura
837 2970 973 3051 piscium
990 2988 1085 3053 qnam
1098 2975 1286 3051 cooperant3
1313 2970 1352 3033 10
1375 2970 1462 3034 simi·

159 3075 236 3140 liter
255 3080 361 3139 autem
375 3074 517 3140 lacobus
540 3079 572 3138 et
583 3073 747 3139 iohannes
769 3072 826 3138 filil
839 3074 1009 3154 Zebedaei,
1032 3075 1087 3157 qni
1110 3078 1202 3141 erant
1224 3074 1302 3139 socii
1315 3073 1462 3139 Simonis.

160 3180 204 3244 Et
226 3180 273 3243 ait
288 3180 329 3245 ad
345 3179 504 3244 Simonem
528 3177 640 3243 Jesus:
665 3178 737 3243 Noli
761 3178 885 3255 timere,
909 3199 946 3243 ex
964 3178 1024 3243 hoc
1039 3180 1101 3243 iam
1126 3178 1188 3245 eris
1211 3177 1356 3243 homines
1379 3178 1462 3243 uini·
1513 3180 1517 3188 '

160 3283 270 3349 ticans.
295 3287 345 3349 11.
368 3283 413 3349 Et
433 3282 601 3348 subductis
624 3282 664 3347 ad
688 3288 806 3347 terram
836 3284 993 3349 nanicnlis
1029 3284 1149 3351 relictis
1183 3282 1329 3349 omnibus
1360 3285 1462 3349 secuti

160 3395 238 3455 sunt
259 3407 341 3453 eum.
369 3390 416 3453 12.
440 3388 485 3453 Et
506 3386 624 3453 factum
647 3391 707 3465 est,
730 3406 801 3451 cum
825 3394 912 3455 esset
943 3390 973 3453 in
1005 3408 1069 3453 una
1090 3389 1266 3467 ciuitatum,
1301 3407 1376 3453 ecce
1410 3390 1462 3452 uir

160 3495 277 3577 plenus
298 3492 398 3575 lepra,
421 3497 455 3557 et
478 3493 547 3574 ipse
560 3492 729 3573 procidens
752 3491 920 3557 infaciem
945 3494 1078 3574 rogabat
1093 3512 1164 3558 enm
1182 3493 1310 3558 dicens:
1335 3492 1462 3559 domine

161 3598 189 3665 si
201 3600 263 3681 nis,
276 3602 367 3679 potes
389 3616 440 3662 me
455 3596 617 3662 mundare.
647 3600 693 3662 13.
710 3596 753 3661 Et
769 3597 942 3662 extendens
958 3616 1084 3663 manum
1102 3600 1210 3681 tetigit
1225 3597 1314 3662 illum
1332 3597 1460 3662 diceus:

159 3702 254 3780 Uolo,
277 3703 441 3769 mundare.
465 3702 509 3767 Et
531 3701 698 3768 confestim
720 3703 811 3784 lepra
833 3703 904 3768 eius
928 3702 1076 3769 discessit
1099 3703 1138 3768 ab
1163 3701 1235 3783 illo;
1263 3702 1310 3766 14.
1335 3708 1368 3765 et
1391 3702 1461 3782 ipse

160 3810 325 3890 praecepit
340 3808 387 3872 illi
402 3808 520 3872 nemini
544 3807 676 3887 diceret,
700 3807 756 3872 sed
772 3807 864 3885 uado,
888 3807 1020 3873 ostende
1032 3813 1064 3872 te
1087 3806 1352 3873 sacerdotibuset
1365 3804 1460 3871 offers

161 3933 219 3996 pro
232 3913 456 3979 emundatione
468 3919 534 3991 tua,
558 3914 641 3978 sicut
656 3913 820 3995 praecepit
835 3912 964 3995 Moyses
981 3962 987 3975 .
1005 3962 1013 3975 .
1030 3961 1037 3975 .
1063 3918 1097 3977 ut
1113 3912 1227 3977 sintin
1242 3910 1460 3977 testimoninm

244 4018 345 4084 nobis.
387 4020 435 4083 lb.
461 4017 661 4083 Perambulat
692 4023 797 4081 autem
822 4017 922 4098 magis
946 4035 1049 4081 sermo
1073 4017 1113 4082 de
1136 4014 1202 4094 illo,
1236 4021 1270 4081 et
1293 4016 1461 4081 conuenie-

160 4126 238 4190 baut
259 4123 373 4189 turbae
395 4123 522 4203 multae,
554 4129 590 4186 ut
613 4121 762 4186 audirent
783 4126 817 4186 et
840 4125 1030 4187 curarentur
1053 4121 1093 4185 ab
1117 4119 1355 4186 infirmitatibus
1382 4120 1460 4187 suis.

162 4232 212 4297 16.
236 4229 311 4312 Ipse
334 4234 441 4294 autem
465 4229 635 4295 secedebat
665 4228 697 4291 in
729 4226 856 4292 deserto
888 4231 922 4291 et
951 4227 1071 4291 orabat.
1116 4226 1372 4292 Eclectum...
1398 4244 1460 4291 nna

159 4335 292 4412 dierum,
315 4333 440 4415 etipse
473 4338 544 4397 erat
574 4331 701 4398 docens.
746 4331 791 4396 Et
820 4336 913 4396 erant
943 4330 1106 4396 Pharisaei
1136 4331 1287 4398 sedentes
1317 4335 1349 4395 et
1380 4331 1461 4411 legis

160 4440 309 4505 doctores
332 4438 386 4519 qni
410 4444 565 4503 uenerant
588 4455 627 4502 ex
652 4435 736 4501 omni
752 4434 884 4501 castallo
901 4434 1066 4501 Galilaeae
1089 4441 1122 4500 et
1143 4435 1268 4502 indeae
1292 4438 1325 4499 et
1340 4434 1458 4500 Hieru-

159 4544 270 4623 salem,
294 4548 328 4608 et
339 4542 443 4609 uirtus
465 4547 535 4608 erat
547 4540 665 4606 domini
690 4541 731 4606 ad
753 4540 1006 4605 sanandumeos.
1036 4542 1081 4607 18.
1105 4541 1308 4605 Etecceniri
1333 4545 1460 4623 portan-

159 4657 210 4716 tes
232 4650 265 4715 in
288 4648 372 4714 lecto
387 4647 555 4726 bominem,
580 4648 632 4730 qni
650 4651 722 4711 erat
736 4646 949 4729 paralyticns;
974 4652 1006 4711 et
1022 4646 1221 4727 quaerebant
1244 4664 1314 4711 eum
1338 4643 1459 4709 inferre

160 4761 194 4820 et
214 4770 334 4836 ponere
356 4758 430 4819 ante
452 4771 536 4817 eum.
564 4753 612 4817 19.
636 4751 679 4816 Et
701 4769 763 4816 non
787 4752 987 4815 inuenientes
1010 4768 1074 4833 qna
1098 4755 1189 4831 parte
1202 4750 1289 4815 illum
1305 4748 1459 4814 inferrent

159 4877 237 4943 prae
250 4858 354 4938 turba,
366 4859 579 4923 ascenderunt
595 4874 692 4939 snpra
703 4859 823 4921 tectum
838 4861 870 4919 et
882 4854 1147 4939 discoperuerunt
1158 4860 1277 4920 tectum
1292 4854 1461 4923 etsummi·
