3625 5775
330 524 352 591 6
706 516 888 590 congruum
906 516 1058 575 secuudum
1075 516 1258 573 liettlmanm.
1556 514 1585 571 C.
1605 522 1631 585 b,
1776 424 1790 650 1

331 734 426 813 ceput
453 736 542 796 tuum
566 728 732 810 iuraberis¹
757 730 831 813 quia
857 746 919 795 nou
944 734 1035 813 potes
1070 746 1167 793 uuum
1203 728 1351 811 capillum
1390 726 1495 791 album
1526 726 1631 792 iacere

331 840 387 899 sut
409 835 542 917 nigrum.
587 836 639 901 37.
664 834 712 900 Sit
735 838 841 900 autem
866 850 970 899 sermo
993 837 1118 899 uester:
1153 837 1295 913 estest,
1326 852 1400 909 non,
1430 852 1511 915 non;
1547 832 1631 914 quod

330 944 437 1005 eutem
467 936 681 1005 abuudantius
713 942 771 1019 est,
804 957 822 1004 a
855 940 937 1003 malo
967 944 1026 1004 est.
1073 940 1115 1005 38
1149 936 1296 1003 Audistis
1319 938 1393 1020 quia
1414 937 1535 1004 dictum
1565 943 1630 1001 est:

330 1043 455 1109 oculum
475 1062 533 1127 pro
550 1044 651 1123 oculo,
676 1043 801 1108 dentem
819 1062 875 1127 pro
900 1042 1036 1109 dentem.
1061 1042 1112 1107 39.
1136 1042 1205 1123 Ego
1225 1046 1330 1107 summ
1349 1044 1419 1109 dico
1434 1042 1545 1109 uobis:
1569 1061 1631 1107 non

330 1150 484 1215 resistere
507 1148 605 1229 malo;
631 1148 686 1215 aed
710 1150 736 1213 si
761 1150 833 1231 quis
857 1153 889 1213 te
914 1147 1109 1231 percusserit
1132 1148 1164 1211 in
1188 1147 1333 1212 dextram
1348 1146 1510 1214 maxillam
1533 1154 1630 1229 tuam,

332 1253 450 1337 praebe
474 1254 520 1319 illi
544 1258 578 1319 et
599 1254 772 1320 sinistrum.
796 1254 848 1319 lo.
872 1254 916 1318 Et
939 1254 968 1317 ei
992 1254 1046 1334 qui
1070 1252 1140 1318 uult
1160 1254 1266 1318 tecum
1287 1252 1405 1317 iudicio
1429 1253 1629 1330 contendere,

330 1362 363 1425 et
385 1358 525 1425 tunicam
549 1362 634 1424 tuam
659 1359 772 1423 tollere
796 1358 968 1441 desiderat,
993 1359 1118 1423 dimitte
1142 1358 1172 1422 ei
1197 1362 1230 1422 et
1251 1357 1395 1439 pallium.
1418 1360 1472 1425 41.
1496 1359 1541 1425 Et
1562 1357 1631 1441 qui-

331 1482 466 1546 cumque
488 1468 522 1529 te
545 1462 760 1545 augariauerit
791 1464 878 1530 mille
900 1482 1024 1545 passus,
1057 1462 1137 1527 uade
1167 1480 1240 1529 cum
1264 1463 1319 1529 illo
1342 1462 1447 1529 adbuc
1469 1463 1533 1528 alia
1556 1464 1630 1528 duo.

328 1568 380 1635 42.
406 1566 498 1634 Omni
523 1570 645 1649 petenti
669 1574 712 1649 te,
743 1568 784 1633 da
807 1570 847 1648 ei,
878 1572 912 1632 et
934 1568 1054 1633 uolenti
1077 1570 1214 1634 mutuari
1238 1573 1322 1647 ate,
1349 1588 1390 1634 ne
1405 1569 1563 1635 auerteris
1586 1574 1630 1635 te.

329 1674 381 1739 43.
407 1672 553 1738 Audistis
582 1672 658 1755 quia
681 1674 799 1739 dictum
825 1679 892 1739 est:
940 1672 1064 1755 Diliges
1086 1674 1263 1756 proximum
1287 1678 1376 1738 tuum
1400 1681 1433 1739 et
1455 1674 1545 1739 odies
1567 1675 1627 1738 ini·

330 1776 445 1842 micum
469 1782 569 1843 tuum.
605 1779 658 1843 44.
692 1779 761 1861 Ego
784 1784 889 1843 eutem
914 1778 985 1842 dico
1010 1779 1116 1842 uobis:
1157 1777 1280 1859 diligite
1311 1779 1455 1844 inimicos
1489 1786 1627 1861 uestros,

331 1882 530 1950 benefacite
554 1883 616 1949 biis
639 1883 694 1965 qui
719 1883 832 1951 odiunt
861 1900 929 1962 uos,
953 1888 986 1948 et
1008 1887 1097 1948 orate
1119 1902 1177 1964 pro
1207 1883 1477 1950 calumniantibus
1499 1890 1533 1951 et
1556 1903 1629 1968 per-

329 1987 535 2071 sequentibus
557 2006 626 2071 usa,
660 1990 710 2055 45.
735 1993 771 2055 ut
792 1988 864 2055 sitis
887 1986 945 2053 filii
974 1988 1075 2069 patris
1097 1989 1198 2053 uestri
1222 1988 1279 2070 qui
1302 1989 1334 2053 iu
1359 1988 1457 2054 caelis
1480 1996 1539 2070 est,
1575 1988 1630 2071 qui

330 2094 428 2161 solem
452 2112 544 2159 suum
577 2093 653 2159 oriri
678 2092 767 2159 iubet
789 2112 884 2175 super
916 2092 1017 2161 melos
1039 2098 1073 2159 et
1100 2094 1199 2159 bonos
1231 2100 1265 2158 et
1288 2092 1370 2175 pluit
1399 2113 1496 2177 super
1526 2096 1629 2160 iustos

328 2203 361 2263 et
382 2198 526 2265 iniustos.
549 2200 602 2266 46.
625 2200 658 2265 Si
682 2201 765 2264 euim
790 2199 923 2281 diligitis
946 2200 1067 2280 eosqui
1090 2218 1149 2264 uos
1165 2197 1312 2281 diligunt,
1335 2218 1431 2282 quam
1449 2200 1626 2267 mercedem

328 2302 515 2369 babebitis?
539 2322 642 2369 nonne
666 2310 699 2369 et
722 2304 881 2387 publicani
906 2304 966 2369 boc
989 2302 1134 2369 iaciunt?
1155 2306 1209 2370 47.
1232 2304 1275 2369 Et
1298 2304 1326 2368 si
1342 2304 1492 2372 salutetis
1515 2304 1630 2370 iratres

330 2413 455 2473 uestros
478 2411 613 2491 tantum,
636 2408 714 2490 quid
745 2408 880 2489 amplius
910 2406 1041 2474 fecitis?
1075 2427 1178 2473 nonne
1201 2414 1234 2473 et
1256 2408 1377 2474 etbuici
1401 2409 1459 2475 boc
1482 2409 1631 2475 iaciunt?

326 2514 377 2579 48.
408 2514 521 2578 Estote
552 2530 627 2596 ergo
659 2532 717 2579 uos
743 2512 887 2596 perlecti,
912 2516 997 2579 sicut
1026 2517 1259 2595 paternoster,
1293 2512 1346 2596 qui
1379 2514 1533 2580 incaelis
1570 2519 1629 2589 est,

329 2617 491 2699 perlectus
516 2623 575 2684 est.

431 2822 498 2896 vl.
514 2832 539 2894 l.
564 2827 728 2895 Attendite
752 2847 791 2894 ne
821 2828 977 2896 iustitiam
1000 2833 1141 2896 uestram
1164 2826 1289 2895 faciatis
1314 2846 1420 2896 corum
1446 2830 1626 2898 bominibus

327 2940 361 3000 et
384 2934 556 3000 rideamini
580 2934 619 2999 ab
643 2935 701 3014 eis,
726 2934 865 3016 alioquin
900 2935 1077 3000 mercedem
1114 2954 1175 2999 uon
1210 2935 1368 3000 babebitis
1403 2942 1481 3019 aput
1505 2941 1626 3015 petrem

326 3043 480 3120 uestrum,
503 3039 558 3121 qui
581 3038 721 3103 incaelis
744 3044 803 3106 est.
828 3041 856 3104 2.
883 3039 962 3104 Cum
986 3057 1061 3120 ergo
1084 3039 1182 3105 iacies
1205 3041 1429 3124 elemosynam,
1456 3042 1519 3106 noli
1542 3042 1620 3107 tuba

328 3163 443 3210 canere
466 3149 539 3209 ante
563 3150 595 3209 te
619 3144 701 3210 sicut
726 3144 912 3229 hypocritae
944 3144 1067 3211 ieciunt
1100 3147 1133 3209 in
1162 3147 1333 3228 synagogis
1357 3153 1389 3210 et
1412 3147 1443 3210 in
1468 3147 1558 3225 uicis,
1595 3153 1630 3212 ut

327 3248 574 3314 honorificentur
598 3249 637 3315 ab
661 3248 849 3316 bominibus.
874 3251 974 3314 dunen
991 3249 1061 3315 dico
1087 3252 1195 3315 uobis:
1219 3256 1432 3333 perceperunt
1448 3253 1627 3318 mercedem

328 3373 426 3422 suam.
459 3357 488 3422 3.
512 3355 557 3421 Te
581 3361 687 3421 autern
711 3353 880 3422 facientem
904 3358 1127 3440 elemosynam,
1151 3357 1274 3421 nesciat
1296 3357 1427 3422 sinistra
1457 3362 1513 3422 tus
1545 3357 1630 3438 quod

326 3459 405 3526 iacit
427 3461 561 3526 dextero
586 3464 651 3542 tua,
674 3462 705 3527 4.
721 3466 756 3525 ut
779 3463 821 3527 sit
845 3461 1027 3544 elemosyne
1051 3467 1106 3525 tua
1130 3463 1161 3526 in
1185 3463 1349 3542 absconso,
1373 3469 1406 3526 et
1430 3470 1522 3545 pater
1543 3467 1630 3544 tuus,

328 3564 382 3647 qui
400 3565 489 3630 uidet
505 3567 536 3631 in
552 3567 717 3645 absconso,
740 3567 853 3631 reddet
868 3565 927 3631 tibi
944 3566 976 3630 in
992 3565 1108 3648 palruu.
1132 3570 1161 3632 ἴ).
1178 3567 1305 3632 Etcum
1327 3569 1436 3647 oratis,
1460 3586 1520 3632 uon
1538 3569 1630 3634 eritis

330 3670 414 3736 sicut
436 3671 621 3753 hypocritae
646 3672 699 3754 qui
725 3677 831 3737 amant
853 3677 940 3737 stare
962 3673 994 3737 iu
1027 3672 1195 3756 synagogis
1225 3678 1259 3738 ot
1287 3673 1413 3756 angulis
1449 3673 1625 3754 platearum

332 3779 454 3842 stantes
478 3795 578 3858 orare,
603 3783 638 3842 ut
662 3778 833 3842 uideantur
856 3777 896 3842 ab
919 3777 1117 3856 homiuibus3
1142 3797 1232 3842 anien
1256 3777 1327 3842 dico
1343 3778 1451 3843 uobis:
1476 3796 1627 3859 percepe-

328 3886 404 3946 runt
426 3883 602 3948 mercedem
627 3901 726 3948 suam.
773 3885 802 3947 6.
827 3881 872 3946 Tu
908 3887 1015 3948 eutem
1051 3900 1121 3946 cum
1157 3901 1239 3958 oras,
1277 3883 1363 3947 intra
1387 3882 1418 3946 in
1442 3883 1623 3947 cubiculum

327 3991 426 4060 tuum,
450 3993 483 4051 et
505 3986 592 4053 cluso
616 3989 708 4068 ostio,
732 4005 788 4053 ora
819 3993 944 4070 patrem
967 3993 1056 4053 tuum
1092 3989 1124 4052 iu
1161 3988 1329 4066 absconso;
1371 3994 1403 4052 et
1434 3992 1525 4068 pater
1553 3993 1629 4054 tuus

327 4091 382 4172 qui
398 4091 487 4156 uidet
509 4097 541 4156 te
558 4091 588 4155 in
605 4092 759 4159 absconso
784 4093 898 4158 reddet
921 4093 980 4159 tibi
1004 4093 1036 4157 in
1051 4093 1165 4174 palum.
1191 4095 1219 4159 l.
1245 4092 1382 4158 Orontes
1399 4097 1506 4156 autern
1524 4092 1623 4157 nolite

327 4193 462 4260 multum
486 4196 572 4281 loqui
597 4198 679 4263 sicut
702 4197 837 4274 ethnici3
864 4203 980 4280 putant
1004 4199 1088 4262 enim
1112 4198 1196 4281 quod
1221 4197 1252 4261 in
1277 4198 1508 4278 multiloquium
1536 4217 1627 4261 suum

327 4299 547 4367 exaudiuntur.
573 4303 602 4368 8.
627 4301 734 4368 Nolite
758 4321 833 4386 ergo
858 4303 998 4369 similare
1022 4303 1078 4367 eis.
1103 4300 1171 4367 Scit
1194 4304 1277 4368 enim
1303 4308 1393 4385 peter
1416 4309 1523 4369 uester
1551 4304 1630 4383 quid

326 4406 418 4470 uobis
441 4425 523 4488 opus
543 4407 594 4490 sit,
629 4413 796 4490 antequam
820 4409 939 4491 petetis
961 4407 1000 4471 ab
1024 4409 1115 4473 eo.9
1172 4408 1224 4473 Sic
1247 4426 1322 4490 ergo
1346 4407 1494 4472 orabitis:
1533 4407 1631 4470 Pater

326 4514 440 4594 noster,
475 4511 530 4598 qui
562 4531 595 4577 ee
627 4513 662 4576 iu
695 4513 799 4590 caelis,
839 4511 1056 4594 sanctificetur
1096 4532 1207 4577 crouceu
1239 4516 1336 4576 tuum.
1381 4515 1433 4578 10.
1472 4511 1632 4576 Adueniet

327 4635 457 4696 rcquum
480 4621 577 4682 tuum.
624 4618 699 4682 Fiat
729 4617 875 4682 uoluntas
911 4624 966 4681 tuo
1001 4619 1035 4682 iu
1059 4618 1144 4683 caelo
1174 4623 1202 4682 et
1234 4619 1268 4683 iu
1291 4623 1377 4682 terra
1433 4621 1484 4682 il.
1513 4619 1630 4681 Panem

327 4725 468 4786 uestrum
492 4722 701 4788 cottidianum
717 4724 760 4788 du
773 4725 859 4788 uobis
882 4723 983 4788 bodie.
1008 4725 1059 4787 1‘2.
1086 4724 1264 4790 Etdiruilte
1284 4724 1372 4789 uobis
1388 4723 1492 4788 (debito
1508 4725 1630 4801 uestra,

327 4828 409 4892 sicut
430 4833 459 4894 et
481 4848 537 4893 reos
559 4829 747 4897 remittimus
772 4827 962 4894 debitoribus
986 4831 1113 4896 nostrie.
1160 4834 1210 4896 13.
1237 4832 1282 4896 Et
1304 4852 1341 4896 uc
1364 4851 1418 4894 uos
1441 4829 1574 4893 tralucere
1596 4827 1632 4892 iu
