3625 5775
172 551 203 607 C.
223 559 266 610 12.
564 548 746 622 Euangeliou
765 548 916 608 secundnm
936 550 1084 609 Lucanum.
1414 547 1472 626 [03

178 765 270 832 dico:
292 766 394 831 nolite
416 765 544 832 solliciti
568 783 641 830 1111
663 765 786 830 animae
802 767 876 848 qnid
894 766 1102 852 manducatis,
1126 785 1230 851 neque
1247 768 1381 851 corpori,
1400 767 1477 850 quid

170 870 358 935 induamini.
382 873 433 937 23.
458 871 573 936 Auirna
595 872 678 935 enim
702 871 775 954 plus
796 877 847 938 est
870 890 963 953 quarn
988 889 1071 950 esca,
1097 877 1129 938 et
1150 892 1264 957 corpus
1287 873 1359 955 plus
1383 890 1477 954 quarn

170 976 411 1042 uestimentum.
458 978 509 1041 24.
535 973 743 1041 Considerate
759 995 883 1055 coruos,
907 978 983 1058 quia
1006 995 1068 1042 uon
1092 978 1260 1058 seminant,
1284 995 1388 1060 neque
1411 995 1477 1042 rne-

169 1085 255 1159 tunt,
278 1079 393 1162 quibus
416 1099 478 1144 non
501 1085 552 1144 est
576 1079 752 1161 cellarium,
783 1101 888 1164 neque
912 1082 1069 1159 borreum,
1101 1089 1134 1148 et
1157 1085 1236 1149 deus
1268 1085 1372 1166 pascit
1392 1083 1476 1167 illos,

170 1190 293 1266 quanto
314 1185 417 1266 magis
439 1203 498 1249 uos
523 1183 630 1265 plures
654 1186 732 1252 estis
767 1185 907 1252 auibus?
952 1188 1003 1254 25.
1028 1187 1107 1266 Quis
1130 1193 1236 1254 autern
1260 1192 1402 1255 uestrum
1427 1206 1477 1253 co·

170 1291 305 1372 gitando
327 1294 436 1372 potest
446 1289 576 1354 adicere
598 1294 718 1354 statum
741 1308 834 1356 11111111
858 1291 1000 1357 cubitum
1025 1295 1146 1358 unrrrn?
1170 1296 1222 1360 26.
1245 1294 1287 1359 Et
1303 1293 1344 1358 de
1361 1293 1476 1358 ceteris

170 1395 308 1477 utquid
331 1393 459 1461 solliciti
483 1394 584 1459 estis?
609 1396 660 1460 21.
685 1395 895 1462 Considerate
917 1397 986 1462 lilia
1009 1398 1088 1481 agri,
1124 1399 1282 1480 quomodo
1315 1403 1474 1482 crescunt,

170 1520 237 1566 non
259 1500 416 1580 laborant,
440 1518 544 1582 neque
567 1507 675 1580 neunt,
699 1519 802 1585 neque
825 1507 947 1587 texunt,
980 1503 1050 1569 dico
1073 1508 1179 1568 autern
1204 1506 1305 1584 uobis,
1329 1502 1477 1585 quoniam

171 1625 233 1672 nec
255 1605 402 1672 Solomon
426 1606 459 1670 in
482 1607 567 1672 omni
601 1606 657 1671 illa
678 1607 781 1690 gloria
804 1625 862 1673 sua
893 1608 1094 1714 uestiebatur
1117 1609 1201 1675 sicot
1223 1625 1305 1674 unus
1327 1625 1366 1673 ox
1388 1608 1471 1674 istis.

170 1713 226 1777 28.
251 1712 317 1777 Aut
350 1710 460 1776 uidete
490 1709 616 1776 faenum
641 1763 648 1776 .
674 1761 681 1775 .
706 1763 713 1776 .
739 1763 745 1776 .
771 1713 791 1776 d
820 1711 863 1777 ho
888 1763 894 1776 .
920 1763 927 1778 .
952 1763 992 1780 ..
1025 1730 1101 1795 agro
1132 1719 1245 1780 111..
1272 1765 1310 1780 ..
1343 1731 1414 1778 1111
1444 1712 1477 1776 in

173 1816 335 1881 clibanum
359 1815 506 1890 mittitur,
539 1817 618 1882 deus
641 1819 689 1882 sic
718 1817 827 1894 uestit,
852 1823 972 1899 quanto
1002 1819 1103 1902 magis
1127 1836 1184 1885 uos
1206 1818 1350 1884 modicae
1371 1815 1474 1883 fidei?

169 1921 224 1987 29.
249 1919 293 1984 st
314 1937 373 1985 uos
386 1919 485 1985 nolite
507 1939 663 2002 quaerere
686 1920 763 2002 quid
786 1921 987 1986 manducetis
998 1925 1055 1986 aut
1077 1921 1153 2004 quid
1168 1921 1307 1998 bibatis3
1321 1927 1353 1987 et
1376 1922 1477 1986 nolite

171 2023 302 2091 solliciti
326 2041 409 2106 csso,
440 2026 492 2090 30.
516 2025 595 2089 haec
616 2026 700 2090 enim
723 2031 836 2106 gentes
858 2025 954 2090 buius
985 2027 1092 2092 mundi
1116 2031 1282 2108 quaerunt.
1307 2024 1422 2091 Scit..
1441 2073 1447 2086 .
1466 2075 1473 2092 .

169 2134 266 2211 pater
294 2135 414 2209 uester,
453 2129 601 2210 quoniam
635 2130 747 2196 horum
783 2131 922 2196 omnium
958 2130 1117 2213 indigetis.
1163 2133 1214 2198 31.
1248 2130 1474 2196 Uerumtamen

170 2236 319 2317 quaerite
340 2252 472 2317 reguum
497 2234 558 2319 dei,
582 2239 615 2300 et
637 2235 716 2302 haec
747 2237 854 2301 omnia
878 2236 1059 2302 adicientur
1083 2235 1183 2301 uobis.
1229 2237 1281 2302 32.
1305 2235 1413 2301 Nolito
1436 2235 1476 2299 ti·

170 2355 261 2404 mere
280 2338 417 2420 pusillus
440 2357 528 2422 grex,
552 2340 626 2420 quia
650 2340 832 2423 conplacuit
854 2347 946 2422 patre
969 2347 1076 2408 uestro
1099 2341 1176 2406 dare
1206 2340 1297 2406 uobis
1332 2359 1475 2423 reguum.

170 2447 223 2512 33.
246 2443 396 2525 Uendite‚
428 2461 510 2525 quae
540 2444 722 2527 possidetis,
754 2451 788 2509 et
818 2445 892 2511 date
923 2445 1153 2528 elemosynam:
1186 2450 1219 2510 et
1247 2443 1344 2510 facito
1375 2443 1467 2510 uobis

172 2548 313 2625 saculos,
336 2551 390 2631 qui
416 2566 478 2613 nou
502 2554 715 2632 ueterescant,
739 2549 948 2615 thensaurum
972 2549 1204 2616 indeficientem
1227 2551 1261 2615 in
1282 2549 1392 2625 caelis.
1409 2569 1472 2632 quo

171 2653 224 2718 for
245 2673 307 2718 non
331 2653 512 2736 adpropiat,
536 2670 640 2734 neque
664 2655 751 2719 tinea
774 2655 958 2738 corrumpit,
982 2661 1016 2720 et
1039 2654 1092 2720 ubi
1115 2655 1204 2721 fures
1227 2675 1289 2720 non
1316 2653 1472 2719 effodiunt

172 2764 207 2824 et
229 2758 385 2825 fnrsotur.
409 2759 459 2825 34.
486 2755 568 2823 Naro
590 2758 645 2824 ubi
669 2759 862 2826 thensaurus
885 2765 995 2825 uester
1017 2765 1076 2844 est,
1101 2760 1145 2826 ibi
1168 2766 1218 2826 est
1242 2778 1297 2825 cor
1318 2764 1473 2826 1111111111.

172 2867 225 2933 35.
250 2864 321 2931 Sint
345 2867 452 2930 autern
486 2863 585 2929 lumbi
609 2866 711 2930 uestri
743 2865 920 2949 praecincti
942 2869 976 2931 et
997 2867 1147 2933 lucernae
1170 2864 1330 2945 ardentes,
1365 2865 1417 2931 36.
1442 2869 1476 2930 11

172 2988 230 3036 uos
264 2970 386 3035 similes
422 2969 600 3034 hominibus
632 2970 875 3052 expectantibus
907 2971 1068 3038 dominum
1101 2989 1192 3036 suum
1216 2969 1343 3052 quando
1365 2986 1475 3035 reuer-

171 3081 261 3142 tatur
283 3093 303 3140 a
324 3075 456 3157 nuptiis,
481 3080 517 3138 ut
541 3094 611 3139 cum
636 3076 762 3141 uenerit
792 3081 825 3141 et
854 3077 1044 3158 pulsauerit,
1076 3073 1243 3142 confestim
1266 3074 1412 3157 aperiant
1435 3072 1474 3139 ei.

172 3183 224 3248 31.
247 3180 342 3246 Beati
371 3179 459 3245 serni
482 3180 539 3258 itlt,
564 3199 736 3262 quoscum
760 3180 887 3247 benerit
915 3182 1070 3261 dominus,
1102 3180 1264 3245 inuenerit
1293 3179 1474 3262 uigilantes.

172 3287 273 3353 Amen
295 3286 367 3352 dico
390 3284 495 3364 uobis,
527 3286 611 3368 quod
642 3286 829 3368 praecinget
859 3302 895 3351 se
926 3293 959 3352 11
992 3286 1080 3351 iubet
1109 3286 1181 3351 illos
1208 3282 1419 3362 discumbere,
1443 3287 1476 3348 et

174 3392 312 3458 transiet
334 3396 367 3455 et
396 3390 593 3456 ministrauit
625 3390 700 3455 11111.
733 3392 784 3458 38.
819 3391 912 3456 Etsi
936 3392 1062 3458 uenerit
1092 3389 1278 3473 uespertina
1308 3388 1420 3471 uigilia
1442 3393 1475 3453 et

171 3498 218 3562 ita
234 3497 404 3576 inuenerit,
421 3496 507 3561 beati
523 3500 607 3569 sunt,
624 3496 773 3577 quoniam
790 3495 914 3561 iubebit
930 3496 1002 3561 illos
1018 3494 1217 3560 discumbere
1234 3500 1268 3558 et
1282 3492 1476 3559 ministrabit

172 3601 247 3669 illis.
272 3602 325 3667 39.
348 3598 419 3667 Hoc
440 3606 546 3667 auteur
569 3600 694 3681 scitote,
718 3601 794 3684 quia
816 3600 844 3666 si
870 3602 967 3667 sciret
983 3599 1223 3683 paterfamilias,
1247 3617 1311 3680 qua
1332 3599 1410 3665 horu
1426 3600 1476 3663 fur

172 3707 273 3785 uenit,
304 3706 465 3789 uigilaret,
499 3712 533 3769 et
563 3724 626 3771 nnn
658 3705 779 3771 sineret
808 3706 960 3789 perfodiri
989 3706 1115 3771 donnum
1138 3724 1238 3771 111111.
1274 3705 1325 3769 40.
1349 3704 1393 3769 Et
1416 3721 1474 3769 uos

72 3890 79 3897 .
170 3815 277 3876 estote
309 3810 422 3895 parati,
454 3828 516 3892 qua
538 3811 619 3875 hora
641 3829 704 3876 non
737 3812 859 3893 putatis
881 3809 966 3877 lilius
998 3810 1135 3876 hominis
1158 3814 1313 3876 uenturus
1336 3814 1396 3874 est.
1421 3810 1473 3873 41.

172 3916 263 3981 Dixit
294 3921 400 3980 autern
436 3914 568 3980 Petrus:
601 3915 747 3995 Domine,
779 3915 820 3979 ad
850 3934 908 3981 nos
939 3916 1018 3981 dicis
1045 3915 1128 3980 banc
1159 3914 1409 3995 similitudinem,
1434 3932 1473 3978 an

170 4022 213 4086 ad
236 4020 373 4085 omnes?
394 4022 447 4085 42.
471 4020 562 4086 Dixit
584 4026 690 4085 autern
712 4020 826 4087 lesos:
851 4021 930 4099 Quis
946 4026 996 4086 est
1012 4019 1117 4086 fidelis
1133 4019 1336 4103 dispensetur
1352 4023 1385 4084 et
1399 4037 1473 4100 pru·

172 4127 261 4195 dens,
285 4144 378 4208 quern
402 4125 572 4191 coustituit
603 4126 748 4192 dominus
781 4144 878 4209 super
907 4126 1059 4191 familiam
1084 4144 1185 4204 suam,
1219 4128 1255 4188 ut
1276 4123 1331 4189 det
1355 4122 1418 4187 illis
1441 4123 1474 4189 in

170 4235 316 4313 tempore
338 4231 439 4296 tritici
463 4232 668 4297 mensuram?
690 4233 744 4296 43.
769 4230 891 4296 Beatus
915 4247 1030 4296 seruus
1053 4231 1119 4317 ille,
1144 4250 1237 4315 quem
1261 4250 1332 4295 cum
1348 4230 1475 4295 uenerit

170 4336 320 4401 dominus
336 4337 416 4416 eius,
433 4337 575 4401 inueniet
591 4337 637 4402 ito
652 4336 831 4403 facientem.
855 4337 908 4402 44.
932 4335 1018 4401 Uere
1035 4336 1105 4403 dico
1126 4338 1227 4416 uobis,
1244 4354 1341 4420 supra
1357 4335 1474 4414 ornnia,

171 4460 256 4524 qnae
289 4441 442 4523 possidet,
478 4441 653 4506 constituet
684 4440 784 4505 illurn.
819 4441 872 4506 45.
896 4440 988 4518 Quod
1018 4440 1046 4505 si
1077 4442 1194 4508 dixerit
1224 4458 1336 4506 seruus
1363 4439 1418 4504 ille
1442 4439 1474 4504 in

170 4546 269 4611 corde
293 4564 350 4611 suo
374 4545 500 4612 dicens:
525 4543 648 4609 Moram
663 4544 742 4610 fucit
765 4544 911 4610 dominus
935 4564 1025 4610 meus
1050 4548 1170 4620 uenire,
1194 4551 1227 4611 11
1243 4544 1386 4627 coeperit
1402 4561 1475 4625 per·

170 4656 282 4717 cutere
305 4668 423 4734 pueros
445 4657 478 4715 11
501 4650 633 4715 ancillas
657 4652 691 4714 et
713 4649 808 4714 edere
838 4655 870 4715 11
891 4649 1002 4716 bibere
1024 4654 1056 4715 et
1080 4650 1245 4717 inebriari.
1280 4651 1331 4717 46.
1356 4647 1476 4715 Ueniet

171 4804 228 4823 ...
254 4756 340 4821 serui
363 4755 451 4821 illius
476 4755 507 4819 in
531 4754 591 4834 die,
616 4772 678 4835 qua
701 4772 763 4819 nnn
787 4760 897 4835 sperat
919 4758 952 4820 et
975 4756 1062 4832 hora,
1087 4773 1148 4836 qua
1164 4756 1275 4839 nescit,
1301 4758 1334 4820 et
1350 4752 1475 4821 diuidet

168 4878 255 4945 eunr,
278 4864 465 4945 partemque
487 4862 558 4926 eius
582 4878 651 4925 cum
669 4857 851 4927 infidelibus
867 4864 972 4942 ponet.
996 4860 1049 4925 41.
1070 4859 1129 4926 1111
1146 4878 1269 4937 seruus,
1287 4860 1342 4945 qui
1358 4878 1475 4947 cogno·
