3625 5775
182 547 217 603 0.
239 552 263 603 8.
565 546 748 617 Euangeliou
768 548 919 604 secundum
940 544 1104 605 iohannem.
1451 554 1492 619 57

183 759 419 841 cupiscentiam
444 761 545 841 putris
569 760 668 824 uestri
694 760 793 825 uultis
816 758 931 824 iacere.
969 758 1029 823 Iile
1051 759 1209 823 homicida
1235 758 1299 826 tuit
1322 760 1362 822 ab
1386 759 1490 839 initio,

182 870 222 931 et
245 866 277 931 in
294 866 430 929 ueritate
454 882 514 929 uon
539 866 640 946 stetit,
664 864 739 945 quin
762 865 883 929 neritus
907 864 939 927 in
962 882 1000 928 eo
1016 882 1084 932 ‚riou
1108 869 1175 945 est3
1200 865 1326 944 quando
1350 865 1491 945 loquitur

186 970 405 1051 mendacium,
441 969 480 1034 de
514 970 581 1034 suis
605 969 756 1050 loquitur,
792 970 940 1050 quoniam
975 970 1110 1034 mendax
1142 973 1191 1035 est
1226 970 1310 1036 sicut
1338 974 1371 1033 et
1405 975 1497 1051 pater

188 1076 273 1139 eius.
296 1076 348 1141 45.
373 1074 442 1153 Ego
466 1075 540 1155 quin
565 1075 734 1139 ueritatem
758 1074 828 1137 dico
852 1074 955 1156 uobis
979 1074 1197 1139 concreditis
1220 1073 1308 1138 mihi.
1340 1077 1392 1138 46.
1417 1073 1495 1151 Quis

185 1198 229 1243 ex
266 1180 359 1243 uobis
393 1186 506 1261 arguet
529 1197 578 1242 me
608 1181 649 1243 da
674 1180 827 1259 peccato?
873 1177 905 1243 Si
930 1180 1098 1244 ueritatem
1121 1180 1208 1257 dico,
1228 1198 1329 1261 quare
1351 1197 1410 1244 uos
1433 1198 1496 1243 non

185 1283 322 1349 creditis
356 1284 456 1348 mitri?
501 1286 552 1350 47.
588 1284 650 1360 qm
674 1288 722 1349 est
746 1302 785 1347 ex
811 1284 879 1361 deo,
901 1284 1003 1348 uerba
1026 1284 1077 1348 dei
1101 1283 1206 1363 audit;
1243 1291 1414 1367 propterea
1437 1302 1494 1348 uos

186 1408 252 1453 non
276 1390 407 1467 auditis,
432 1390 581 1469 quoniam
605 1408 644 1453 cx
668 1388 727 1453 deo
752 1408 814 1454 nou
838 1390 927 1456 estis.
973 1389 1027 1454 48.
1053 1390 1301 1470 Responderunt
1323 1388 1440 1452 duduci
1464 1394 1497 1451 et

187 1494 341 1559 dixerunt
378 1493 425 1557 ei:
471 1512 576 1557 nonne
613 1497 700 1557 recte
739 1493 873 1559 dicimus
915 1512 983 1571 nos,
1022 1495 1096 1574 quia
1133 1490 1355 1559 Samaritanus
1389 1512 1424 1558 es
1460 1498 1495 1556 tu

188 1590 224 1647 et
255 1582 455 1646 daemonium
490 1581 612 1645 habes?
657 1583 709 1647 40.
748 1581 924 1663 Respondit
956 1579 1070 1647 desua:
1106 1581 1176 1664 Ego
1209 1581 1408 1648 daemonium
1433 1599 1497 1645 non

188 1685 311 1765 liabeo,
358 1686 414 1751 sed
469 1684 641 1751 honorifico
688 1690 811 1767 putrem
859 1704 978 1764 meum,
1023 1705 1081 1751 uos
1126 1684 1387 1751 dehonorificatis
1432 1704 1492 1750 me.

188 1792 243 1857 50.
279 1790 345 1871 Ego
388 1795 494 1855 autem
536 1809 598 1854 non
636 1808 753 1870 quaero
787 1790 941 1855 honorem
977 1808 1091 1865 meum,
1127 1795 1177 1856 est
1211 1791 1265 1871 qui
1303 1791 1430 1871 quaerit
1463 1798 1495 1854 et

190 1894 325 1960 iudicat.
350 1896 401 1960 51.
422 1899 533 1974 Arnen,
557 1912 649 1959 amen
674 1894 744 1959 dico
770 1894 871 1978 uobis,
896 1896 923 1960 si
948 1897 1021 1975 quis
1038 1896 1169 1959 uerbum
1185 1913 1289 1961 meum
1306 1895 1493 1972 seruaberit,

189 2004 326 2065 mortem
351 2018 412 2064 non
439 1998 564 2063 uidebit
585 2000 619 2063 in
641 2004 816 2065 aeternum.
854 2002 906 2065 52.
931 2001 1091 2066 Dixerunt
1113 2002 1143 2065 ei
1165 2000 1300 2065 iudaei:
1325 2000 1422 2065 Nunc
1445 2018 1496 2064 co-

192 2106 373 2185 gnocimus,
398 2106 545 2185 quonium
570 2105 768 2171 daemonium
794 2105 904 2173 habes.
943 2106 1104 2171 Abraham
1126 2111 1272 2170 mortuus
1295 2111 1346 2171 est
1368 2110 1402 2171 et
1424 2124 1495 2187 pro·

192 2210 319 2290 phetae,
351 2216 384 2274 et
412 2214 448 2273 tu
479 2208 578 2274 diois:
615 2209 648 2274 Si
672 2210 743 2289 quis
767 2209 898 2274 uerbum
923 2227 1027 2273 meum
1051 2210 1240 2287 seruaberit,
1263 2230 1326 2275 non
1350 2210 1495 2291 gustabit

191 2319 335 2379 mortem.
381 2314 432 2379 53.
457 2313 620 2395 Numquid
651 2318 685 2378 tu
719 2316 819 2379 nreior
850 2332 886 2379 es
917 2313 1075 2391 Abrahae,
1114 2316 1167 2395 qui
1205 2320 1348 2381 mortuus
1370 2318 1442 2381 est?
1464 2318 1498 2377 et

193 2417 382 2500 prophetae,
399 2420 453 2500 qui
477 2420 592 2485 mortui
610 2424 711 2485 sunt?
736 2438 828 2500 quem
852 2426 885 2482 te
901 2437 977 2500 ergo
1000 2417 1103 2485 facis?
1126 2421 1177 2483 54.
1193 2419 1371 2500 Respondit
1386 2418 1496 2485 Jesus:

193 2522 222 2589 si
247 2540 305 2604 ego
329 2522 502 2588 honorifico
526 2543 585 2602 me,
611 2524 711 2589 horror
734 2542 825 2588 meus
848 2523 927 2588 uilril
953 2529 1020 2603 est3
1053 2530 1144 2605 pater
1168 2542 1258 2589 meus
1281 2528 1341 2604 est,
1365 2526 1417 2605 qui
1441 2524 1496 2589 ho-

194 2626 342 2693 norificet
365 2646 423 2703 me,
448 2648 540 2709 qucm
564 2648 621 2695 uos
647 2630 763 2707 dicitis,
787 2630 934 2709 quoniam
959 2629 1172 2707 dornacester,
1196 2631 1239 2695 55
1269 2634 1379 2695 etnon
1395 2630 1497 2695 nostis

194 2752 278 2813 eum,
305 2753 362 2815 ego
386 2738 490 2797 autem
516 2734 590 2799 noui
614 2752 703 2811 eum3
729 2734 811 2799 etsi
836 2733 955 2813 dixero,
980 2734 1127 2814 queniam
1154 2752 1218 2797 non
1242 2734 1319 2798 noui
1334 2753 1420 2815 cunr,
1443 2754 1498 2800 ero

194 2838 310 2904 similis
323 2840 414 2904 uobis
426 2839 568 2906 mendax.
583 2838 644 2904 Sed
655 2838 721 2906 scio
738 2838 826 2904 ilium
840 2839 1012 2905 etcertum
1026 2838 1094 2925 eius
1107 2839 1260 2904 custodio.
1275 2838 1496 2904 56.Abruiram

193 2950 287 3026 pater
319 2949 426 3009 uester
455 2943 637 3010 laetabatur
659 2948 696 3009 ut
718 2943 844 3009 uideret
868 2945 952 3008 diem
976 2962 1090 3021 cneum,
1121 2949 1154 3009 et
1189 2944 1273 3008 uidit
1303 2950 1336 3008 et
1365 2945 1497 3024 gauisus

194 3057 254 3114 est.
278 3049 502 3140 57.Dixerunt
524 3069 599 3132 ergo
623 3050 663 3115 ad
686 3069 774 3114 euru:
801 3050 1033 3131 quinquaginta
1055 3068 1156 3114 annos
1180 3050 1318 3114 nondum
1341 3049 1440 3113 habes
1465 3054 1498 3113 et

196 3153 356 3219 Abraham
379 3153 514 3219 uidisti?
548 3155 598 3220 53.
624 3156 713 3220 Dixit
736 3156 783 3220 eis
806 3154 919 3220 iesus:
944 3156 1055 3233 Amen,
1079 3172 1171 3220 amen
1194 3154 1266 3218 dico
1291 3153 1391 3233 uobis,
1416 3158 1490 3218 ante

196 3257 353 3323 Abraham
385 3278 443 3340 ego
473 3277 552 3326 sum.
585 3260 634 3326 59.
660 3259 816 3326 Tulerunt
847 3279 924 3342 ergo
947 3260 1082 3340 lapidea,
1105 3264 1142 3323 ut
1165 3259 1328 3324 mitterent
1351 3259 1383 3322 in
1407 3277 1490 3322 euni.

196 3362 295 3428 desua
318 3381 398 3428 uero
421 3364 588 3430 abscondit
610 3383 644 3428 so
669 3371 701 3429 et
724 3366 803 3430 exiit
826 3364 864 3428 da
888 3364 1016 3447 templo.

299 3572 362 3640 IX.
389 3579 416 3640 l.
441 3575 484 3640 Et
505 3576 704 3656 praeteriens
729 3574 810 3640 uidit
832 3593 960 3640 coecum
984 3593 1022 3637 ex
1045 3575 1256 3640 natiuitatem.
1280 3578 1310 3640 2.
1342 3580 1375 3639 et
1398 3576 1497 3641 inter-

198 3685 395 3760 rogauerunt
418 3697 489 3744 enm
514 3680 663 3762 discipuli
688 3681 737 3746 sui
761 3680 924 3746 dicentes:
963 3680 1062 3760 rabbi,
1087 3679 1158 3760 quis
1180 3680 1336 3760 peccauit,
1367 3680 1421 3745 hic
1443 3687 1500 3746 aut

198 3789 349 3864 parentes
373 3791 451 3864 eius,
477 3784 625 3866 quonium
658 3804 770 3852 caecns
801 3787 983 3850 natusest?
1021 3786 1051 3850 3.
1074 3784 1254 3866 Respondit
1275 3782 1371 3850 iesus
1395 3790 1429 3850 et
1452 3785 1499 3850 di-

196 3889 244 3952 xit
256 3890 322 3954 eis:
347 3888 459 3970 Neque
476 3889 527 3953 liic
539 3891 696 3974 peccauit,
721 3909 843 3971 necque
866 3894 1018 3972 parentes
1040 3889 1120 3971 eius,
1133 3888 1189 3954 sed
1202 3895 1238 3954 ut
1253 3889 1498 3956 manifestentur

199 4011 299 4075 opera
323 3994 374 4058 dei
398 3995 428 4058 in
455 4013 502 4060 eo.
526 3997 555 4059 4.
581 3995 634 4059 Me
656 4001 784 4076 oportet
806 3997 933 4076 operari
957 4013 1054 4075 opera
1077 3995 1157 4067 eins,
1172 3997 1225 4074 qui
1242 3995 1329 4060 misit
1349 4013 1410 4078 me,
1427 4013 1498 4060 cum

202 4099 273 4163 dies
296 4104 355 4178 est,
380 4100 488 4164 ueniet
511 4100 595 4162 enim
619 4119 690 4178 nox,
705 4118 775 4164 cum
793 4118 884 4164 nemo
912 4101 1032 4180 poterit
1053 4101 1189 4181 operari.
1215 4101 1244 4164 ἱ).
1271 4098 1349 4165 Cum
1373 4119 1442 4164 sum
1467 4103 1498 4164 in

199 4203 258 4270 hoc
281 4203 406 4282 orando,
430 4203 617 4270 inmensum
641 4206 759 4269 mundi.
778 4207 804 4270 6.
825 4203 912 4269 Haec
928 4223 999 4269 cum
1025 4204 1167 4286 dixisset,
1191 4205 1302 4287 expuit
1325 4205 1356 4268 in
1379 4210 1498 4268 terrum

198 4315 232 4374 et
254 4307 330 4377 iecit
351 4308 453 4373 lutum
478 4309 517 4373 de
541 4314 741 4390 sputamento
764 4314 796 4373 et
821 4309 1013 4392 superlinuit
1037 4309 1139 4374 lutum
1164 4328 1260 4390 super
1281 4307 1391 4373 oculos
1413 4307 1499 4372 illius

199 4414 296 4492 cneci,
321 4417 349 4478 7.
374 4419 406 4479 et
429 4413 511 4477 dixit
533 4415 580 4478 ei:
605 4413 695 4478 Unde
712 4414 743 4478 in
763 4413 952 4479 natatoriam
977 4413 1105 4490 Siloam,
1130 4415 1228 4494 (quod
1252 4414 1500 4493 interpraetatur

199 4519 347 4601 missus);
371 4522 403 4583 et
432 4519 576 4599 perrexit
602 4523 634 4582 ot
668 4519 769 4583 obtuit
793 4537 826 4583 se
859 4525 892 4582 et
916 4518 1005 4582 uenit
1028 4518 1149 4582 uidens.
1196 4520 1224 4582 8.
1264 4516 1371 4582 Uicini
1394 4523 1500 4582 autem

199 4624 295 4704 iliius,
320 4629 352 4689 et
375 4624 429 4704 qui
446 4622 595 4688 uiderant
611 4642 680 4688 eum
705 4629 810 4704 autea,
836 4623 999 4704 (quoniam
1023 4622 1187 4687 mendicus
1210 4629 1282 4687 erat
1303 4627 1337 4688 et
1358 4621 1498 4706 caecus),

199 4728 362 4795 dicebant:
380 4728 491 4794 Nonne
515 4728 566 4794 liic
589 4733 649 4805 est,
672 4729 724 4811 qui
751 4728 882 4792 sedebat
895 4732 928 4791 ct
939 4726 1167 4793 mendicabat?
1191 4728 1220 4792 9.
1242 4726 1305 4791 Alii
1329 4725 1498 4792 dicebant:

200 4835 251 4900 iric
274 4839 341 4910 est;
367 4833 421 4898 aiii
446 4833 610 4902 dicebant:
636 4853 696 4898 non
720 4837 780 4914 est,
797 4834 852 4900 sed
866 4832 981 4899 similis
997 4831 1121 4912 estilli3
1144 4832 1199 4900 iile
1222 4840 1328 4901 autem
1352 4833 1498 4898 dicebat:
