3625 5775
170 570 198 629 1,
219 576 260 628 se.
546 567 728 641 Euangelium
748 567 896 627 secundum
916 568 1096 627 blattbaamm.
1429 570 1470 639 37

173 784 252 850 baec
275 790 472 868 unguentum
496 784 556 849 boo
586 783 618 847 in
644 801 757 865 corpus
787 800 890 849 meum
919 784 958 849 ad
983 782 1202 865 sepeliendum
1225 803 1275 849 me
1297 782 1384 851 lecit.
1421 788 1469 853 13.

170 890 271 955 Amen
294 887 366 955 dico
389 887 498 955 uobis:
537 888 727 969 ubicumque
752 884 971 970 praedicatum
999 888 1098 954 luerit
1120 887 1181 955 boc
1214 889 1414 974 euangelium
1438 892 1469 956 in

172 997 241 1059 toto
262 993 390 1070 mundo,
416 995 532 1059 dieitur
562 998 596 1058 et
619 993 703 1075 quod
734 992 813 1057 imao
835 992 913 1059 lecit
942 994 973 1059 iu
998 994 1151 1059 memoria
1173 995 1284 1078 ipsius.
1310 998 1359 1062 14.
1383 997 1471 1062 Tune

171 1097 251 1164 abiit
268 1116 349 1164 1111
366 1099 406 1164 11
423 1098 599 1177 duodecim,
625 1099 677 1179 qui
694 1097 714 1161 J
717 1099 796 1163 1111
813 1098 930 1163 dicitur
952 1096 1107 1175 Scariotir,
1134 1100 1173 1165 ad
1188 1101 1348 1183 principes
1364 1121 1470 1167 sacer-

171 1204 279 1269 dotum
313 1210 346 1269 et
375 1204 421 1268 ait
450 1203 532 1269 illis:
571 1204 619 1269 15.
651 1203 733 1281 Quid
765 1202 862 1267 uultis
894 1202 973 1267 milri
1005 1202 1089 1279 dare,
1125 1210 1158 1269 et
1188 1222 1246 1287 ego
1277 1207 1369 1271 uobis
1399 1225 1471 1271 eum

170 1308 318 1375 tradam?
344 1311 392 1375 16.
410 1308 457 1373 Ad
474 1308 519 1372 illi
538 1308 773 1372 constituerunt
785 1306 813 1371 ei
830 1306 921 1373 xxx
933 1313 1082 1373 stateres.
1107 1308 1150 1373 lit
1163 1310 1277 1374 exinde
1293 1312 1470 1392 quaerebat

171 1415 451 1497 opportunitatem,
475 1420 510 1477 ut
534 1432 603 1478 enm
628 1412 770 1478 traderet
793 1413 849 1477 eis.
879 1416 927 1479 ll.
951 1414 1060 1477 Prima
1082 1419 1188 1479 autem
1213 1414 1265 1479 die
1288 1433 1470 1498 azymorum

172 1522 378 1585 accesserunt
400 1519 550 1599 discipuli
574 1518 613 1581 ad
638 1514 748 1581 lesum
773 1516 932 1581 dicentes:
959 1516 1022 1582 Ubi
1046 1518 1094 1583 bis
1110 1535 1259 1600 paremus
1274 1518 1334 1584 tibi
1352 1519 1469 1601 pascha

171 1623 384 1689 manducare?
421 1624 468 1689 18.
501 1622 548 1687 ad
579 1622 634 1687 ille
665 1620 748 1687 dixit
778 1623 843 1687 eis:
880 1622 928 1686 lte
961 1623 992 1687 in
1017 1623 1149 1687 ciuitate
1172 1622 1212 1686 ad
1234 1624 1412 1704 quemdam,
1437 1629 1470 1689 et

172 1730 270 1795 dieite
293 1729 341 1795 ei:
376 1727 531 1809 Magister
553 1726 646 1793 dieit:
680 1727 818 1809 Tempus
852 1745 955 1791 meum
986 1746 1086 1810 prope
1120 1733 1181 1809 est,
1217 1734 1295 1809 aput
1324 1733 1357 1793 te
1388 1728 1471 1793 laeio

172 1833 291 1915 pascha
313 1850 384 1897 oum
407 1830 573 1913 discipulis
597 1830 686 1898 meis.
722 1832 769 1897 19.
795 1832 837 1897 Et
859 1831 1006 1896 lecerunt
1028 1831 1177 1913 discipuli
1201 1832 1284 1898 sicut
1307 1835 1471 1916 praecepit

173 1938 237 2004 illis
260 1938 366 2019 lesus,
390 1943 422 2002 et
446 1942 643 2018 parauerunt
666 1936 794 2019 paseha.
819 1938 868 2002 20.
897 1936 1041 2018 Uespero
1064 1943 1170 2002 autem
1193 1935 1286 2016 laeto,
1311 1937 1473 2003 discubuit

172 2062 242 2107 cum
267 2043 328 2106 lili
353 2042 519 2125 discipulis
543 2044 619 2107 suia.
644 2045 694 2107 21.
720 2041 762 2105 Et
777 2042 946 2107 edentibus
963 2042 1026 2107 illis
1041 2043 1139 2107 dixit:
1164 2045 1263 2107 limen
1281 2043 1353 2108 dieo
1369 2042 1471 2124 uobis,

172 2147 254 2229 quod
280 2166 361 2213 unus
385 2152 526 2211 uestrum
540 2166 589 2212 me
612 2146 792 2212 traditurus
815 2150 874 2211 est.
899 2147 951 2211 22.
976 2146 1018 2209 m
1042 2148 1220 2213 contristati
1237 2148 1340 2229 nimis,
1360 2167 1471 2230 coepe·

171 2257 247 2317 runt
268 2251 384 2333 singuli
408 2252 531 2317 dicere:
557 2252 717 2333 Numquid
741 2272 798 2335 ego
811 2270 890 2329 1111,
915 2253 1064 2317 domine?
1088 2254 1138 2317 23.
1175 2254 1221 2316 ad
1245 2254 1315 2335 ipse
1337 2272 1470 2336 respon·

173 2357 252 2421 dens
276 2358 340 2421 ait:
373 2354 433 2431 Qui
458 2356 586 2437 intingit
615 2374 737 2421 meeum
763 2376 886 2421 rnanum
919 2358 949 2421 in
981 2354 1160 2439 parabside,
1184 2357 1238 2422 bie
1268 2376 1318 2422 me
1352 2359 1469 2424 tradet.

173 2464 223 2527 24.
249 2460 350 2527 Filius
373 2460 501 2542 quidem
526 2460 662 2527 bominis
678 2462 775 2536 uadit,
799 2462 882 2526 siout
898 2463 1052 2541 seriptum
1070 2466 1120 2526 est
1136 2462 1175 2525 de
1191 2461 1262 2541 illo;
1287 2481 1348 2526 uae
1364 2468 1470 2528 autem

173 2566 292 2632 homini
319 2565 375 2644 1111,
394 2583 554 2648 perquem
567 2565 651 2631 lilius
666 2566 801 2633 bominis
817 2566 977 2646 trnrlitur3
994 2567 1111 2631 bonum
1122 2571 1194 2631 erat
1207 2566 1326 2632 bomini
1350 2567 1471 2632 illinon

173 2671 271 2737 nasei.
303 2672 354 2735 25.
379 2670 588 2753 Respondeas
619 2675 723 2735 autem
749 2671 862 2747 ludas,
894 2670 946 2751 qni
970 2671 1147 2736 traditurus
1171 2678 1241 2737 erat
1263 2691 1345 2751 curru,
1374 2674 1470 2738 diait:

174 2776 335 2857 Numquid
359 2794 417 2857 ego
442 2793 519 2856 sarm,
544 2776 672 2841 Rabbi?
697 2777 750 2840 dit
773 2776 820 2839 illi
842 2776 955 2854 lesus:
979 2780 1013 2840 tu
1037 2778 1155 2841 dixisti.
1181 2780 1232 2843 ao.
1257 2778 1340 2859 lpsis
1364 2786 1472 2844 autem

173 2882 370 2956 cenantibus
394 2881 518 2965 accepit
539 2881 636 2947 lesus
661 2901 772 2964 panem
791 2887 823 2947 et
845 2879 1010 2946 benedixit
1032 2900 1070 2945 ao
1084 2880 1180 2964 fregit
1203 2882 1354 2964 deditque
1377 2885 1472 2950 ‹lisoi-

175 2989 259 3070 pulis
282 2988 390 3052 suiset
405 2988 467 3052 ait:
491 2987 633 3070 Accipite
646 2992 678 3052 11
689 2987 879 3052 1111111111
902 3005 942 3050 ex
955 2987 1015 3050 boc
1027 3003 1145 3065 omnes,
1166 2986 1225 3051 hoc
1241 2994 1290 3052 est
1307 2990 1389 3052 enim
1402 3009 1471 3054 111-

176 3113 234 3176 pus
250 3113 363 3158 meum.
387 3095 438 3158 27.
464 3094 507 3158 Et
529 3092 688 3173 accipiens
705 3091 842 3166 calicem,
867 3092 990 3172 gratias
1014 3093 1080 3174 egit
1103 3098 1135 3155 11
1158 3092 1246 3156 dedit
1264 3092 1328 3157 illis
1345 3093 1471 3160 dicens:

176 3199 310 3282 accipite
326 3205 359 3264 et
381 3197 480 3263 bibite
502 3215 538 3262 ea
558 3197 626 3262 lme.
648 3199 697 3260 28.
717 3195 777 3261 Η11
794 3201 844 3260 111
861 3197 944 3260 enim
963 3196 1093 3276 sangnis
1109 3215 1200 3260 meus
1215 3199 1291 3262 noui
1304 3205 1335 3262 11
1352 3201 1473 3264 aeterni

175 3305 370 3382 testamenti,
396 3304 449 3384 qoi
473 3322 529 3385 pro
553 3301 663 3367 multis
688 3300 868 3366 effundetur
891 3302 923 3366 in
947 3301 1167 3365 remissionem
1186 3309 1396 3383 peccatorum.
1421 3306 1473 3369 29.

175 3411 256 3474 Dico
280 3414 384 3475 autem
409 3409 517 3474 uobis:
553 3427 614 3472 non
644 3407 748 3472 bibam
780 3407 892 3472 amodo
923 3406 962 3469 de
993 3406 1054 3470 bac
1084 3413 1231 3471 creatura
1261 3408 1337 3472 uitis
1367 3408 1473 3488 huius,

176 3531 277 3595 usque
301 3515 332 3578 iu
357 3513 438 3578 diem
455 3513 555 3590 illum,
579 3529 648 3578 oum
674 3511 751 3574 illud
768 3510 872 3575 bibam
890 3508 1054 3575 uobiscum
1071 3510 1187 3574 nobum
1213 3512 1243 3576 io
1260 3531 1357 3594 regno
1377 3516 1474 3595 patris

176 3622 249 3684 mei.
273 3621 323 3684 30.
349 3619 392 3683 Et
407 3616 522 3700 hymno
545 3618 640 3692 dicto,
666 3615 812 3682 exierunt
835 3613 866 3678 in
891 3618 1030 3679 montem
1054 3613 1183 3680 Olibeti.
1208 3617 1259 3681 31.
1283 3616 1371 3682 Tune
1397 3618 1476 3684 dicit

177 3726 259 3790 illis:
295 3740 405 3788 ornnes
429 3741 487 3788 nos
510 3721 694 3788 scandalum
719 3719 883 3802 patiemini
908 3719 940 3784 in
963 3736 1014 3782 me
1038 3719 1069 3782 in
1093 3719 1156 3784 ista
1178 3725 1280 3786 nocte.
1315 3721 1474 3805 Scriptum

177 3834 227 3894 est
253 3831 354 3895 enim:
391 3829 573 3893 Penestiam
597 3831 759 3908 pastorem
783 3830 817 3889 et
839 3823 1065 3906 dispargentur
1086 3842 1164 3889 oues
1186 3827 1301 3907 gregis.
1336 3827 1387 3891 32.
1412 3827 1474 3893 Sed

176 3939 342 4018 postquam
365 3951 581 4010 rossemanno,
606 3930 792 4014 praecedam
816 3947 873 3995 uos
897 3931 930 3994 in
963 3928 1148 3995 Galilaeam.
1183 3932 1235 3996 33.
1263 3931 1473 4013 Respondeas

179 4045 285 4104 autem
320 4039 435 4104 Petras
456 4040 519 4103 ait:
555 4036 587 4102 Si
612 4055 721 4102 omnes
755 4035 1058 4100 scandalizabuntur
1081 4035 1113 4099 in
1137 4039 1180 4118 11,
1214 4054 1274 4118 ego
1305 4053 1474 4120 numquam

178 4143 426 4210 scandalizabor.
459 4147 509 4210 34.
537 4144 623 4209 Dicit
654 4143 701 4207 illi
726 4141 839 4206 iesus:
871 4140 971 4204 Amen
997 4140 1067 4204 dico
1090 4139 1159 4220 tibi,
1190 4140 1274 4222 quod
1299 4142 1360 4208 hac
1382 4147 1475 4208 nocte

178 4257 347 4332 antequam
371 4248 474 4330 gallus
499 4253 615 4331 cantet,
639 4251 689 4310 ter
712 4265 761 4310 me
784 4245 927 4328 negabis,
958 4245 1010 4310 35.
1035 4243 1315 4311 Δ1111111Ρ11111τ
1340 4246 1474 4314 Etiamsi

179 4353 379 4436 opportuerit
402 4371 452 4417 me
476 4353 554 4418 mori
578 4359 694 4432 tecum,
717 4369 778 4415 non
802 4355 836 4413 te
859 4349 991 4430 negabo.
1015 4348 1170 4414 Similiter
1193 4354 1226 4414 11
1248 4369 1357 4418 omnes
1381 4353 1474 4418 disci·

179 4459 245 4543 puli
262 4459 420 4523 dixerunt.
444 4460 496 4524 36.
520 4456 609 4522 Tune
625 4457 714 4521 uenit
728 4454 748 4518 J
752 4472 825 4520 esus
841 4472 913 4518 oum
929 4453 994 4518 illis
1009 4453 1040 4518 in
1057 4454 1233 4538 praedium,
1257 4455 1342 4537 quod
1359 4455 1477 4521 dicitur

180 4563 382 4642 Gedsamani,
407 4567 440 4626 et
463 4562 545 4628 diait
568 4559 734 4643 discipulis
759 4559 840 4626 suis:
876 4555 994 4623 Sedete
1016 4557 1069 4622 hio
1091 4558 1192 4624 donee
1214 4577 1253 4626 eo
1275 4561 1352 4626 illoc
1375 4578 1475 4626 orare.

179 4673 231 4738 37.
255 4670 296 4734 Et
320 4670 487 4751 erlsumpto
519 4669 614 4732 Petro
645 4671 678 4732 et
708 4665 830 4730 duobus
860 4663 935 4730 liliis
958 4664 1125 4744 Zebedaei,
1157 4667 1264 4748 coepit
1294 4666 1476 4731 contristari

180 4781 213 4840 et
235 4781 356 4840 mestus
379 4792 459 4840 esse.
502 4775 555 4838 38.
578 4773 666 4838 Tunc
690 4771 735 4836 ait
760 4771 840 4837 illis:
876 4769 994 4836 Tristis
1018 4775 1068 4836 est
1091 4769 1196 4835 anima
1219 4789 1288 4836 mea
1311 4788 1413 4854 usque
1436 4772 1477 4836 ad

181 4884 323 4964 mantem,
347 4879 502 4944 sustinete
525 4876 576 4942 bie
599 4880 633 4942 et
656 4875 787 4960 uigilate
810 4893 943 4942 mecum.
971 4876 1020 4943 39.
1045 4875 1088 4940 Et
1111 4893 1299 4960 progressus
1321 4875 1472 4960 pusillum
