3625 5775
339 562 381 627 24
710 554 891 625 Euangeliou
912 554 1062 611 secuudum
1080 552 1261 609 Machaeram.
1550 550 1579 605 C.
1599 558 1640 606 tr.

339 766 399 831 hoc
421 764 584 830 audissent
607 763 767 847 discipuli,
800 762 981 829 contristati
1004 768 1080 828 suut
1113 763 1326 828 uehementer.
1354 765 1403 827 23.
1429 761 1472 826 Et
1493 779 1563 825 oum
1587 780 1640 825 ue

338 870 463 934 nissent
485 868 718 949 Gapharnaum
743 875 949 935 accesserunt
972 868 1026 949 qui
1051 868 1216 948 dierma
1238 866 1419 947 exigebant,
1447 866 1489 931 ad
1512 867 1640 931 Petrum

339 980 373 1038 et
395 974 547 1039 dixerunt
569 975 615 1039 ei:
647 973 803 1055 Magister
825 978 934 1038 uester
957 991 1056 1054 quare
1088 992 1150 1038 uon
1174 972 1272 1036 soluit
1295 970 1460 1051 didragma
1492 969 1545 1034 uel
1567 988 1639 1035 cen-

340 1079 433 1143 sum?
478 1079 527 1142 24.
560 1077 631 1144 Αἰ1;
663 1080 774 1161 utique
805 1096 876 1143 non.
910 1078 953 1142 Et
986 1078 1120 1142 intranti
1145 1078 1175 1141 iu
1207 1076 1345 1153 domurn,
1375 1076 1545 1157 praeuenit
1566 1092 1642 1139 eum

340 1182 445 1264 lesus,
470 1182 595 1249 dicens:
621 1184 699 1265 quid
730 1184 787 1248 tibi
811 1182 941 1247 uidetur
971 1178 1102 1247 Simon?
1131 1182 1234 1263 Reges
1258 1186 1364 1245 terrae
1398 1181 1556 1261 aquibus
1588 1198 1640 1243 ac·

340 1289 463 1369 cipiunt
490 1288 645 1354 tributum
676 1287 726 1353 bel
762 1288 916 1354 censum?
949 1284 1064 1353 afiliis
1088 1288 1166 1365 suis,
1198 1291 1255 1350 aut
1276 1286 1315 1349 ab
1347 1283 1485 1351 alienis?
1516 1286 1567 1351 25.
1593 1285 1638 1349 Et

344 1393 519 1459 illedixit:
553 1394 592 1459 ab
620 1393 749 1459 alienis:
785 1392 876 1458 Dixit
905 1392 971 1457 illi:
1005 1392 1092 1473 Ergo
1124 1391 1216 1455 liberi
1245 1394 1321 1455 suut
1351 1387 1432 1453 filii?
1465 1389 1642 1472 Respondit

344 1502 441 1564 certe.
467 1500 518 1564 26.
542 1498 587 1563 Ut
609 1505 714 1564 autem
738 1517 800 1561 non
824 1497 1077 1563 scandalizemus
1101 1514 1166 1579 eos,
1198 1494 1281 1559 uade
1302 1494 1342 1559 ud
1366 1512 1462 1576 mare,
1494 1500 1526 1559 et
1548 1494 1641 1559 mitte

341 1602 477 1682 hamum,
509 1608 543 1669 et
576 1620 647 1667 eum
678 1603 797 1683 piscem
826 1602 880 1684 qui
905 1604 1023 1685 primus
1053 1600 1245 1679 ascenderit,
1284 1598 1373 1681 tolle,
1396 1606 1431 1665 et
1452 1605 1563 1681 aperto
1582 1617 1638 1664 ore

261 1756 267 1766 .
345 1708 415 1771 eius
438 1707 583 1772 inuenies
606 1707 651 1772 ibi
675 1712 834 1786 staterem,
859 1706 948 1772 illum
972 1723 1100 1771 sumens
1123 1706 1165 1769 da
1187 1705 1235 1769 eis
1259 1722 1388 1787 prome
1412 1710 1445 1768 et
1467 1721 1526 1787 pro
1549 1710 1590 1769 te.

444 1914 585 1983 xvlll.
612 1919 638 1980 1.
662 1916 700 1981 ln
725 1916 781 1981 illa
804 1918 857 1982 die
879 1920 1085 1981 accesserunt
1108 1913 1256 1996 discipuli
1279 1914 1320 1978 ad
1342 1913 1454 1978 lesum
1479 1914 1639 1979 diceutes:

342 2022 415 2103 quis
437 2023 550 2104 utique
581 2022 682 2087 maior
715 2027 766 2089 est
788 2022 819 2086 in
843 2040 941 2104 regno
971 2020 1157 2086 caelorum?
1192 2022 1221 2086 2.
1245 2019 1289 2083 Et
1311 2018 1408 2085 Jesus
1437 2017 1565 2083 uocabit
1588 2036 1640 2098 pu-

341 2144 428 2190 erum
452 2131 486 2190 et
508 2126 623 2190 statuit
654 2144 724 2191 eum
747 2128 779 2190 iu
803 2124 907 2189 medio
939 2144 1048 2189 eorum
1073 2130 1106 2189 et
1128 2124 1225 2189 dixit:
1257 2128 1288 2190 3.
1312 2124 1415 2187 Arnen
1439 2124 1508 2189 dico
1533 2122 1639 2189 uobis:

342 2230 404 2295 nisi
427 2231 574 2295 conuersi
598 2229 724 2297 fueritis
741 2236 773 2295 et
789 2230 970 2295 efficiamini
994 2231 1079 2295 sicut
1102 2228 1203 2311 pueri,
1221 2246 1283 2293 non
1304 2228 1467 2293 intrabitis
1492 2228 1523 2292 iu
1541 2246 1639 2310 reguo

341 2332 514 2400 caelorum.
553 2338 584 2400 4.
617 2336 806 2417 Quicunque
836 2354 910 2417 ergo
942 2335 1162 2400 humiliaberit
1191 2353 1227 2399 se
1256 2335 1341 2400 sicut
1370 2352 1452 2415 puer·
1487 2333 1561 2408 iste,
1590 2333 1641 2397 lric

340 2441 443 2504 maior·
467 2441 528 2504 erit
546 2440 576 2504 in
593 2459 692 2523 regno
716 2442 887 2506 caelorum.
914 2443 941 2506 5.
966 2440 1010 2503 Et
1026 2442 1081 2521 qui
1096 2440 1257 2521 acceperit
1280 2457 1376 2503 unum
1393 2457 1529 2519 puerum
1543 2438 1639 2503 talem

341 2546 517 2610 innomine
540 2562 619 2627 meo,
636 2564 686 2612 me
703 2546 827 2629 accipit.
852 2548 881 2611 6.
908 2544 969 2621 Qui
995 2551 1101 2609 nutem
1126 2543 1322 2609 scandalizat
1338 2562 1435 2607 uuum
1451 2545 1491 2608 de
1513 2542 1640 2625 pusillis

341 2650 424 2735 istis,
449 2648 501 2732 qui
526 2651 556 2714 in
581 2668 630 2715 me
654 2652 797 2731 credunt,
826 2650 957 2731 expedit
980 2651 1008 2713 ei
1033 2656 1068 2713 ut
1090 2649 1304 2729 suspendatur
1334 2649 1418 2712 mola
1448 2646 1586 2712 asinaria
1609 2650 1641 2712 iu

341 2754 421 2821 collo
445 2758 515 2819 eius
546 2760 579 2820 et
610 2754 814 2838 demergatur
846 2756 878 2818 in
909 2753 1100 2835 profundum
1132 2754 1237 2818 maris.
1278 2754 1305 2815 l.
1338 2752 1408 2817 Une
1438 2757 1543 2817 autern
1567 2752 1643 2817 lruic

341 2861 458 2925 mundo
482 2859 522 2925 ab
545 2859 714 2927 scandulis.
739 2860 880 2926 Necesse
905 2865 955 2924 est
970 2858 1054 2924 enim
1078 2859 1190 2924 uenire
1207 2857 1372 2935 scandala3
1397 2875 1508 2922 uerum
1534 2862 1640 2922 tamen

341 2984 402 3030 uae
425 2963 545 3029 homiui
576 2963 633 3042 illi,
657 2984 713 3047 per
737 2983 831 3046 quem
862 2963 1046 3030 scandalum
1078 2963 1177 3028 uenit.
1211 2965 1239 3028 8.
1265 2963 1356 3039 Quod
1391 2963 1418 3026 si
1442 2981 1553 3027 ursanus
1584 2969 1641 3028 tua

341 3067 536 3136 scandalizat
551 3075 583 3133 te
600 3069 650 3133 uel
667 3089 724 3152 pes
739 3075 823 3149 tuus,
841 3068 969 3134 abscide
984 3086 1055 3132 eum
1073 3074 1105 3131 et
1122 3067 1228 3149 proice
1244 3067 1301 3132 abs
1317 3073 1367 3143 te;
1385 3067 1499 3132 bonum
1514 3069 1572 3132 tibi
1590 3075 1641 3133 est

342 3174 374 3237 in
389 3176 489 3238 uitam
503 3174 613 3238 uenire
626 3173 761 3240 debilem
775 3174 827 3238 uel
842 3175 977 3252 clodum,
992 3191 1084 3253 quum
1098 3172 1177 3236 duos
1190 3174 1287 3252 pedes
1300 3173 1349 3236 uel
1365 3173 1443 3236 duas
1461 3190 1573 3236 rnaous
1585 3173 1641 3238 ha-

342 3279 469 3342 bentem
492 3280 577 3344 mitti
610 3279 641 3342 in
665 3278 768 3361 ignem
803 3283 980 3344 aeternum.
1016 3279 1045 3342 9.
1070 3276 1164 3340 Etsi
1196 3276 1306 3342 oculus
1336 3283 1410 3342 tuus
1445 3277 1641 3342 scandalizat

341 3389 383 3462 te,
419 3400 496 3448 erue
528 3401 600 3449 eum
634 3387 667 3447 et
700 3384 807 3466 proice
841 3383 898 3449 ebs
923 3387 973 3461 te3
1013 3382 1129 3446 bonurn
1160 3381 1219 3446 tibi
1242 3389 1292 3448 est
1315 3399 1410 3446 uuum
1435 3382 1561 3446 oculum
1585 3382 1640 3445 lra-

342 3488 468 3553 bentem
492 3487 524 3551 in
557 3489 655 3552 uitam
679 3489 810 3562 intrare,
834 3505 930 3568 quam
962 3487 1042 3552 duos
1074 3487 1183 3551 oculos
1214 3488 1385 3552 habentem
1416 3487 1500 3552 mitti
1525 3490 1556 3551 iu
1586 3506 1639 3568 ge-

342 3591 477 3657 hennam
503 3593 594 3674 ignis.
630 3595 677 3658 10.
703 3592 820 3658 Uidete
851 3613 891 3656 ue
921 3591 1135 3657 contemnetis
1164 3611 1259 3656 urium
1283 3611 1322 3656 ex
1346 3591 1396 3655 luis
1428 3593 1563 3673 pusillis
1585 3596 1642 3673 qui

343 3698 477 3763 eredunt
501 3700 532 3763 iu
556 3715 618 3776 me;
648 3698 719 3764 dico
737 3699 819 3762 enim
843 3699 944 3777 uobis,
969 3698 1053 3780 quod
1077 3698 1181 3778 angeli
1206 3715 1316 3762 corum
1339 3697 1370 3760 in
1395 3697 1493 3762 ceolis
1516 3716 1642 3780 semper

343 3802 454 3868 uident
477 3801 589 3867 faciem
613 3801 715 3884 patris
748 3804 819 3881 urei,
844 3802 898 3884 qui
922 3805 954 3868 in
978 3802 1075 3868 caelis
1099 3809 1156 3867 est.
1192 3805 1241 3866 11.
1264 3802 1362 3867 Uenit
1385 3801 1472 3870 filius
1504 3802 1642 3868 hominis

342 3907 468 3974 saluere
484 3907 567 3987 quod
585 3908 734 3988 perierat.
762 3910 809 3974 12.
835 3906 919 3984 Quid
937 3908 1028 3972 uobis
1045 3906 1196 3973 uidetur?
1219 3906 1381 3971 siluerint
1403 3907 1499 3973 alicui
1522 3907 1640 3973 homiui

344 4017 470 4077 centum
494 4031 572 4078 oues
603 4019 635 4077 et
666 4013 822 4078 errauerit
855 4033 918 4078 una
947 4032 985 4078 ex
1019 4016 1075 4090 eis,
1109 4031 1213 4077 nonne
1243 4010 1402 4093 relinquet
1433 4011 1498 4076 XC.
1523 4016 1556 4076 et
1585 4013 1640 4093 lx,

342 4117 376 4181 in
399 4117 559 4182 montibus
583 4121 616 4182 et
639 4116 728 4182 uadit
751 4135 907 4198 quaerere
931 4136 1000 4182 earu
1025 4136 1107 4200 quae
1130 4117 1261 4198 errauit,
1288 4120 1336 4182 13.
1362 4123 1395 4181 et
1418 4117 1444 4181 si
1469 4119 1644 4198 contigerit

343 4225 379 4285 ut
402 4221 546 4286 inueniet
561 4239 643 4302 eam,
667 4240 758 4286 umen
782 4222 854 4287 dico
878 4220 979 4305 uobis,
1004 4219 1257 4303 quudguudebit
1278 4219 1397 4285 ineam
1422 4222 1522 4302 inagis
1547 4240 1640 4303 quam

342 4322 456 4407 XCIX,
490 4343 572 4407 quae
604 4344 665 4390 non
701 4330 898 4391 errauerunt.
935 4328 984 4391 14.
1010 4325 1063 4392 Sic
1085 4344 1146 4390 non
1178 4332 1229 4390 est
1252 4325 1399 4391 uoluntas
1421 4332 1496 4392 ante
1520 4335 1640 4410 patrem

344 4435 498 4509 uestrum,
524 4429 633 4512 quiin
657 4429 752 4494 caelis
776 4435 836 4511 est,
855 4436 891 4494 ut
915 4437 1026 4512 pereat
1049 4448 1131 4495 unrrs
1154 4449 1195 4494 err
1219 4430 1345 4511 pusillis
1367 4431 1450 4496 istis.
1478 4434 1525 4498 15.
1550 4432 1641 4509 Quod

343 4534 371 4598 si
394 4533 577 4616 peccauerit
591 4534 623 4598 111
639 4539 672 4598 te
687 4533 787 4600 irater
810 4539 895 4615 tuus,
921 4537 1003 4601 uade
1028 4539 1061 4598 et
1084 4536 1209 4618 corripe
1232 4554 1303 4599 eum
1321 4536 1404 4600 iuter
1427 4541 1460 4600 te
1483 4535 1642 4617 et'ipsum

343 4637 455 4702 solum.
479 4637 512 4704 si
535 4642 567 4703 te
589 4638 737 4720 audierit,
761 4639 903 4705 lucratus
930 4642 992 4705 eris
1015 4639 1146 4705 fratrem
1170 4645 1270 4705 tuum.
1319 4640 1368 4703 16.
1392 4637 1425 4704 Si
1448 4647 1553 4705 autem
1577 4660 1640 4706 non

343 4744 491 4821 audierit,
515 4742 629 4808 adhibe
652 4748 756 4809 tecum
789 4744 891 4809 adhuc
925 4763 1021 4810 unum
1046 4745 1096 4810 uel
1122 4745 1211 4826 duos,
1244 4746 1333 4810 utin
1358 4763 1413 4809 ore
1437 4745 1570 4810 duorum
1594 4752 1640 4808 te·

344 4847 440 4914 stiuur
464 4849 516 4914 uel
538 4850 635 4915 trium
652 4853 716 4915 stet
731 4867 822 4914 omne
846 4850 991 4916 uerbum.
1018 4851 1067 4916 11.
1092 4850 1184 4929 Quod
1208 4852 1234 4915 si
1259 4869 1322 4915 nou
1345 4851 1486 4916 audierit
1508 4869 1572 4927 cos,
1588 4850 1642 4916 dic
