3625 5775
482 1789 709 1877 (Euanpatium
740 1789 921 1860 secundum
955 1790 1128 1873 blancum.)

255 2000 282 2068 Ι.
306 2005 336 2066 1.
374 2003 503 2068 Initium
540 2002 709 2083 Euonpelii
744 2004 824 2068 Jcsu
854 2001 975 2068 Christi
1002 2002 1077 2082 filii
1107 2003 1165 2077 dci,
1198 2004 1279 2068 sicul
1301 2006 1455 2088 scriptum

29 2168 30 2175 ,
156 2115 198 2171 est
219 2108 254 2170 ia
280 2107 375 2172 meio
404 2108 579 2192 propbeta:
617 2111 647 2171 2.
676 2109 757 2172 Ecce
791 2108 881 2172 millo
916 2107 1062 2188 capulum
1095 2127 1196 2173 meum
1230 2113 1304 2174 outo
1330 2111 1455 2189 sociem

154 2217 249 2297 tuoni,
285 2213 340 2294 qui
368 2211 585 2295 praeparauit
620 2213 709 2277 aiom
745 2217 846 2278 tuom.
889 2215 923 2279 3.
963 2214 1030 2276 Uoc
1063 2211 1233 2278 claindmtis
1255 2215 1290 2279 in
1313 2215 1451 2281 deserto:

150 2321 265 2398 plurale
299 2315 390 2380 aiom
426 2317 554 2395 domiai,
592 2321 697 2381 rectos
723 2318 829 2396 socite
861 2319 991 2382 semitas
1021 2318 1072 2381 dei
1093 2317 1221 2398 mo'siri,·
1256 2321 1288 2382 4.
1305 2320 1376 2398 suit
1398 2317 1454 2384 Jo-

152 2419 271 2484 bmmes
307 2421 343 2484 im
379 2421 500 2485 deserto
532 2421 699 2504 baptizans
732 2427 761 2485 et
791 2421 987 2503 praedicans
1020 2421 1210 2504 baptismum
1238 2423 1455 2504 poenitentioe

153 2524 184 2588 iu
216 2525 432 2589 remissionem
464 2529 674 2608 peccatorum.
714 2529 744 2592 5.
781 2527 824 2589 Ei
857 2525 1097 2606 effodiebantur
1138 2526 1182 2590 od
1221 2526 1312 2590 illum
1352 2529 1453 2593 omnis

151 2629 277 2694 Judaea
310 2631 395 2711 reolo
427 2632 458 2694 ei
491 2629 753 2711 Hierosolymilae
792 2629 936 2692 uniuersi
972 2633 1003 2692 et
1039 2629 1243 2712 baptizantur
1278 2631 1319 2695 ab
1352 2651 1385 2694 eo
1419 2633 1454 2696 in

152 2735 317 2799 jordanen
338 2733 518 2816 coafiteatea
535 2739 668 2815 peccota
690 2754 758 2798 suo.
795 2736 825 2800 6.
849 2734 893 2798 Et
916 2739 984 2798 erat
1014 2733 1177 2801 lohannes
1208 2737 1345 2801 uestitus
1370 2736 1452 2820 pilos

153 2839 288 2920 camelli,
312 2845 344 2904 et
369 2839 513 2905 lucustas
535 2845 568 2905 et
590 2839 652 2905 mel
676 2841 826 2905 siluestre
850 2839 976 2905 edebat.
1011 2837 1071 2904 Hic
1095 2839 1302 2923 praedicabat
1325 2840 1449 2906 dicens:

153 2946 180 3009 l.
203 2944 360 3022 Quoniam
385 2946 472 3008 uenit
494 2943 607 3011 sortior
630 2950 702 3026 post
726 2964 785 3023 inc,
810 2946 900 3009 cuius
920 2963 983 3009 non
999 2962 1068 3009 sum
1092 2944 1207 3024 dignus
1230 2945 1355 3009 soluere
1380 2966 1449 3013 cor-

150 3050 262 3129 rigiam
276 3049 553 3114 calciamentorum
568 3050 647 3113 eius.
663 3050 691 3114 8.
707 3048 774 3131 Ego
787 3050 913 3130 baptizo
923 3066 980 3114 uos
995 3049 1027 3113 in
1040 3066 1139 3129 aqua;
1163 3049 1220 3113 ille
1231 3053 1338 3114 autem
1351 3049 1451 3131 bapti·

150 3155 237 3218 zauit
249 3155 367 3235 spiritu
379 3158 500 3220 sancto.
513 3155 545 3219 9.
558 3155 600 3219 llt
612 3153 730 3219 lactum
742 3160 793 3219 est
805 3156 838 3219 in
852 3154 964 3219 diebus
977 3154 1052 3232 illis,
1069 3154 1158 3219 uenit
1169 3152 1266 3219 Jesus
1279 3172 1297 3218 a
1311 3154 1453 3219 Nazaret

151 3256 326 3339 Galilaeae,
335 3264 368 3323 et
377 3258 557 3341 baptizatus
569 3262 619 3322 est
631 3259 663 3323 in
676 3257 838 3323 Jordanen
852 3257 891 3322 ab
901 3256 921 3323 J
924 3258 1076 3323 ohannen.
1094 3260 1141 3323 10.
1152 3258 1335 3323 decendens
1345 3264 1449 3325 autem

149 3365 295 3444 deaque
329 3364 411 3428 uidit
435 3369 564 3445 apertos
595 3362 700 3429 caelos
714 3367 747 3427 el
763 3365 911 3445 spiritum
934 3369 1094 3445 tamquam
1118 3362 1295 3427 columbam
1319 3364 1449 3429 descen·

148 3468 277 3532 dentem
289 3471 323 3531 et
333 3473 513 3533 manentem
536 3469 567 3532 in
590 3486 638 3531 ao.
665 3472 714 3533 ll.
745 3468 787 3533 Et
803 3488 865 3533 uox
881 3469 921 3533 dc
937 3468 1024 3533 caelo
1048 3468 1131 3532 iacta
1153 3474 1219 3533 est:
1244 3468 1291 3531 Tu
1315 3485 1349 3532 es
1366 3464 1450 3533 filius

149 3590 238 3638 niens
260 3572 396 3637 dilectus
419 3574 451 3637 in
474 3591 537 3655 quo
561 3573 642 3637 bene
663 3573 785 3654 placuit
799 3574 888 3637 mibi.
915 3576 963 3637 12.
989 3572 1031 3637 Et
1048 3574 1155 3637 statim
1173 3573 1309 3653 spiritus
1326 3574 1448 3654 expulit

147 3676 236 3741 illum
262 3678 294 3741 in
317 3677 455 3742 deserto.
503 3678 551 3742 13.
576 3678 620 3741 Ec
642 3682 712 3741 erat
744 3678 776 3741 in
800 3678 927 3742 deserto
952 3676 1015 3740 XL.
1042 3674 1154 3741 diebus
1177 3680 1212 3741 et
1232 3675 1449 3756 temptabatur

147 3788 324 3847 asatanan
348 3786 382 3846 et
403 3787 474 3847 erat
495 3800 566 3848 cum
604 3784 728 3866 bestiis,
767 3788 800 3847 et
834 3782 940 3863 angeli
977 3782 1202 3847 ministrabant
1224 3782 1263 3844 ei.
1314 3782 1360 3845 ll.
1385 3780 1448 3845 Sed

147 3893 315 3967 postquam
338 3886 478 3952 traditus
501 3891 552 3952 est
574 3885 750 3965 lohannes,
773 3888 863 3951 uenit
884 3885 981 3952 Jesus
1005 3888 1038 3951 in
1062 3885 1239 3951 Galilaeam
1257 3886 1445 3967 praedicans

146 3991 348 4072 euangelium
372 3992 423 4055 dei
446 3996 480 4057 et
501 3990 624 4057 dicens:
666 3992 820 4069 Quoniam
845 3991 976 4072 impleta
1011 3996 1085 4056 sunt
1109 3994 1255 4069 tempora
1277 3994 1309 4053 et
1333 3991 1446 4072 adpro-

143 4097 249 4179 piauit
272 4114 405 4177 regnum
428 4096 495 4173 dei;
535 4096 762 4177 paenitentiam
797 4096 883 4177 agite
906 4098 938 4159 et
962 4096 1083 4161 credite
1108 4093 1284 4176 euangelio.
1333 4097 1382 4159 lb.
1406 4095 1450 4160 Et

144 4202 346 4282 praeteriens
367 4218 458 4266 secus
480 4219 568 4265 mare
591 4200 756 4265 Galilaeae
779 4201 862 4265 uidit
883 4198 1041 4264 Simonem
1066 4206 1098 4265 et
1121 4198 1289 4275 Andream,
1314 4196 1444 4263 fratrem

143 4307 213 4372 eius
236 4308 401 4371 mittentes
422 4306 503 4369 retia
527 4306 558 4369 ln
581 4322 668 4370 mane
691 4307 798 4388 (orauit
820 4304 903 4369 enim
928 4306 1128 4385 piscatoresl.
1171 4306 1220 4369 li.
1245 4303 1288 4366 Et
1311 4304 1357 4367 ait
1381 4301 1446 4368 illis

144 4410 259 4476 lesus:
293 4409 409 4474 Uenite
433 4416 505 4491 post
528 4429 587 4487 mc,
619 4408 790 4474 etfaciam
826 4427 884 4475 uos
906 4410 1084 4491 piscatores
1108 4407 1279 4472 bominum.
1330 4409 1378 4472 18.
1403 4407 1448 4471 Et

144 4515 311 4582 confestim
346 4515 467 4580 relictis
498 4513 644 4579 omnibus
679 4515 781 4580 secuti
804 4518 880 4581 suut
911 4512 1011 4577 illum.
1039 4514 1086 4576 19.
1113 4512 1156 4577 Et
1180 4528 1365 4592 progressus
1388 4528 1445 4591 pu·

142 4621 251 4687 sillum
274 4620 357 4684 uidit
377 4618 532 4685 iacobum
555 4617 714 4684 Zebedaei
738 4624 770 4683 et
792 4617 961 4683 lobanneu
986 4615 1117 4680 fratrem
1140 4616 1220 4699 cius,
1245 4621 1278 4680 et
1301 4616 1387 4695 ipsos
1413 4614 1444 4677 in

144 4725 294 4793 nauicula
327 4730 542 4805 conponentes
575 4724 667 4802 retia,
699 4724 750 4788 20.
775 4727 808 4786 et
831 4723 959 4787 uocauit
981 4740 1046 4785 eos.
1078 4722 1128 4785 Ad
1151 4719 1198 4785 illi
1221 4720 1332 4784 salicto
1357 4723 1463 4800 patre

143 4838 217 4898 tsuo
241 4829 409 4895 Zebedaeo
432 4847 503 4894 cum
528 4831 754 4894 mercennariis
778 4827 879 4893 secuti
903 4832 978 4893 sunt
1001 4846 1082 4893 eum.
1113 4828 1164 4892 21.
1188 4824 1231 4890 Ill
1254 4824 1447 4888 introierunt
