3625 5775
170 479 201 535 C,
226 488 267 537 11,
559 479 738 553 Errangelium
758 480 909 535 secundnm
929 480 1093 535 iohannem.
1433 486 1472 549 61

169 712 244 759 sum
268 694 359 760 uobis
383 700 461 777 aput
485 714 541 761 uos
571 711 710 759 araneus.
750 693 801 757 26.
827 692 1017 757 Paracletus
1048 695 1154 757 autem
1177 692 1311 773 spiritus
1333 698 1474 769 sanetus,

168 818 270 883 quern
292 798 400 865 mittet
433 804 525 882 pater
540 800 573 863 iu
599 799 724 862 nomiae
737 815 817 879 meo,
831 796 884 862 ille
900 815 958 861 uos
981 796 1108 862 docebit
1130 798 1476 881 omnia,quaeeurnquo

169 905 294 969 dixero.
342 906 395 969 27.
420 906 533 970 Pacem
558 905 598 969 do
632 902 734 986 nebia,
758 920 867 985 pacem
890 920 991 966 meam
1012 902 1161 984 relinquo
1185 902 1288 981 uobis,
1312 922 1374 967 uon
1397 922 1475 985 quo·

169 1010 269 1075 mode
293 1009 506 1075 hismundus
530 1010 593 1091 dart,
617 1027 674 1089 ego
700 1008 739 1071 do
763 1006 864 1072 uobis.
889 1006 959 1071 Non
981 1006 1132 1071 turbetur
1154 1025 1209 1072 eor
1238 1013 1394 1086 uestrum,
1418 1027 1472 1073 ne-

169 1134 239 1195 que
277 1114 435 1179 formidet.
460 1116 511 1179 28.
539 1112 695 1190 Audistis,
719 1114 795 1193 quia
818 1111 883 1175 diri
914 1108 1022 1177 uobis:
1050 1109 1154 1191 Uado,
1177 1117 1210 1177 et
1231 1113 1325 1177 uenio
1342 1113 1384 1177 ad
1405 1130 1473 1178 uos.

170 1218 206 1283 Si
232 1218 411 1301 diligeretis
444 1236 505 1297 me,
539 1218 731 1299 gauderetis,
762 1216 838 1297 quia
873 1216 956 1279 uado
989 1216 1029 1280 ad
1055 1222 1189 1298 patrem,
1211 1216 1360 1297 quioniam
1383 1220 1475 1299 pater

168 1323 275 1387 maior
298 1341 351 1387 me
372 1327 430 1388 est.
470 1322 519 1389 29.
559 1319 651 1386 Nune
685 1320 750 1385 dixi
774 1320 865 1385 uubis
897 1320 1082 1403 priusquam
1105 1320 1174 1399 liat,
1197 1326 1233 1385 ut
1263 1339 1332 1386 curu
1356 1318 1475 1385 lactum

170 1427 276 1493 luerit
299 1427 446 1494 eredatis.
488 1428 539 1493 30.
585 1428 653 1493 Iam
677 1445 737 1491 uou
773 1425 1002 1507 multaloquor
1024 1425 1125 1490 uobis.
1149 1424 1249 1490 Ueuit
1271 1426 1357 1490 enim
1378 1424 1475 1490 hunius

170 1533 285 1597 mundi
310 1532 456 1613 princeps
480 1539 512 1598 et
535 1532 566 1597 in
592 1550 640 1597 me
662 1549 726 1595 non
748 1530 844 1594 habet
867 1530 1044 1611 quicquam.
1076 1531 1127 1596 31.
1153 1529 1216 1595 Sed
1240 1534 1275 1595 ut
1304 1536 1474 1611 eognoscat

171 1636 399 1715 hismundus,
424 1637 498 1719 quin
524 1636 621 1719 diligo
654 1641 785 1718 patrem,
817 1636 901 1699 aierit
924 1638 1129 1717 praeceptum
1158 1633 1235 1699 milri
1260 1634 1348 1700 dedit
1372 1639 1474 1717 pater,

171 1741 328 1807 siolauio.
353 1741 490 1823 surgite,
514 1759 623 1806 eamus
647 1741 730 1807 lriue.

281 1950 362 2018 XV.
403 1956 430 2017 1.
465 1950 533 2031 Ego
564 1968 633 2016 sum
665 1948 741 2013 uitis
765 1968 853 2033 uera,
885 1956 918 2013 et
948 1954 1040 2031 pater
1070 1967 1158 2013 meus
1182 1948 1320 2031 agricola
1344 1954 1404 2015 est.
1442 1952 1473 2015 2.

171 2056 308 2122 Omnem
333 2056 492 2137 palmitem
527 2056 559 2119 in
594 2073 642 2120 me
673 2058 913 2119 perferentem
938 2054 1087 2132 fructum,
1110 2053 1196 2118 tollit
1217 2072 1292 2119 eum
1315 2061 1416 2137 pater,
1440 2062 1474 2119 et

170 2179 307 2245 orrruem,
324 2162 378 2242 qui
395 2159 517 2225 adierat
530 2159 676 2237 fructum,
690 2158 838 2240 purgabit
852 2177 934 2238 eum,
949 2163 984 2223 ut
997 2158 1134 2223 fructum
1155 2158 1325 2240 plurimum
1338 2157 1473 2246 adferat,

171 2269 202 2332 3.
223 2266 291 2331 Iam
314 2284 370 2331 uos
393 2267 502 2330 mundi
534 2266 613 2331 estis
638 2270 768 2347 propter
800 2282 987 2343 sermonem,
1012 2281 1105 2344 quem
1130 2263 1254 2329 loeutus
1277 2281 1347 2329 sum
1370 2265 1472 2330 uobis.

170 2374 202 2437 4.
236 2371 364 2437 Monate
387 2373 419 2437 in
454 2388 514 2451 me,
545 2376 578 2435 et
611 2389 670 2452 ego
706 2369 737 2435 in
774 2370 881 2447 uobis,
913 2370 996 2435 sieut
1019 2370 1142 2451 palmes
1172 2387 1236 2434 non
1261 2373 1365 2452 protest
1387 2369 1473 2435 ferre

171 2476 312 2543 fructum
336 2494 354 2539 a
376 2494 421 2554 se,
452 2476 514 2541 nisi
549 2476 701 2540 manserit
725 2476 756 2540 in
792 2474 867 2552 uite,
891 2475 938 2539 siu
960 2479 993 2538 et
1015 2473 1069 2555 qui
1094 2473 1125 2537 in
1148 2492 1199 2538 roe
1221 2492 1284 2540 nou
1307 2475 1472 2541 manserit.

171 2585 201 2649 5.
228 2580 296 2663 Ego
320 2599 390 2645 sum
413 2580 497 2659 uitis,
522 2597 580 2645 uos
602 2580 750 2662 palmites
774 2580 869 2657 estis3
893 2580 951 2661 qui
973 2585 1080 2645 manet
1102 2579 1134 2642 in
1157 2598 1216 2657 me,
1241 2586 1273 2642 et
1294 2598 1353 2661 ego
1377 2579 1473 2661 ineo,

171 2686 226 2752 hie
249 2684 374 2751 adferet
396 2685 532 2750 fructum
556 2685 700 2763 multum,
724 2686 800 2766 quia
823 2684 891 2749 siue
915 2703 964 2749 me
978 2684 1055 2749 niuil
1074 2684 1207 2764 potestis
1230 2682 1344 2749 faeere.
1370 2686 1401 2750 6.
1438 2687 1472 2753 Si

172 2793 245 2873 quis
268 2798 374 2857 autem
389 2792 420 2856 io
444 2809 493 2853 me
518 2810 578 2855 non
603 2790 765 2871 manserit,
800 2790 965 2872 praecisus
987 2795 1047 2872 est,
1080 2789 1164 2854 sieut
1187 2790 1318 2872 palmeo,
1343 2796 1376 2855 et
1399 2792 1472 2863 mis·

172 2901 292 2962 ausast
314 2895 401 2960 foras
424 2901 458 2962 et
480 2899 568 2962 aruit
589 2900 622 2960 et
645 2895 796 2976 eolligeut
820 2913 875 2960 eos
902 2901 935 2960 et
959 2894 1117 2976 inignem
1141 2895 1270 2960 mittunt
1292 2899 1326 2960 et
1349 2897 1471 2964 ardent.

174 3004 202 3066 7.
230 3000 263 3065 si
280 3000 461 3066 manseritis
486 3001 518 3064 iu
541 3019 601 3080 me,
626 3007 658 3065 et
674 3000 772 3066 uerba
795 3019 865 3064 mea
887 2999 1024 3064 innubis
1047 3002 1230 3078 manserint,
1252 3001 1472 3083 quodcumque

173 3104 351 3182 uolueritis,
374 3105 484 3188 petite,
501 3111 533 3170 et
555 3103 611 3168 fiet
635 3105 734 3171 uobis.
779 3107 807 3171 8.
832 3104 867 3168 lo
891 3105 950 3170 hee
972 3102 1164 3169 clarificatus
1186 3111 1236 3169 est
1258 3111 1351 3187 pater
1372 3125 1472 3188 meus,

175 3216 211 3277 ut
234 3209 372 3275 iruotum
396 3211 564 3291 plurimum
589 3209 753 3289 adferatis,
777 3215 810 3275 et
839 3208 1024 3276 efficiamini
1045 3209 1109 3274 mei
1131 3209 1290 3291 discipuli.
1329 3212 1358 3277 9.
1383 3212 1474 3280 Siout

174 3315 288 3380 dilexit
311 3333 360 3380 me
384 3321 474 3398 pater
498 3323 531 3380 ot
553 3334 611 3398 ege
635 3334 693 3380 uos
716 3316 829 3393 dilexi;
856 3321 983 3380 manete
1006 3315 1039 3380 in
1061 3313 1243 3380 dilectione
1259 3333 1339 3382 noea.
1365 3319 1414 3382 10.
1439 3319 1473 3386 Si

174 3427 347 3502 praecepta
370 3439 439 3485 mea
471 3419 686 3496 seruaberitis,
701 3419 869 3484 manebitis
893 3420 925 3483 in
949 3420 1120 3484 dilectione
1150 3437 1230 3498 mea,
1253 3419 1338 3485 sieut
1359 3426 1393 3486 et
1414 3441 1473 3505 ego

176 3526 278 3608 patris
302 3530 475 3606 praerepta
499 3526 627 3590 seruaul
652 3530 685 3589 et
708 3543 821 3589 maneo
845 3523 877 3588 in
903 3525 972 3589 eius
1006 3524 1186 3590 dilectione.
1227 3526 1277 3589 11.
1314 3523 1403 3592 Haeo
1425 3526 1472 3593 lo·

175 3635 268 3694 cutus
292 3647 359 3694 sum
385 3630 484 3706 uobis,
499 3637 535 3693 ut
556 3628 707 3710 gaudium
730 3647 833 3693 meum
858 3629 889 3693 in
913 3629 1003 3694 uobis
1027 3630 1078 3709 sit,
1102 3635 1135 3692 et
1155 3629 1308 3710 gaudium
1329 3635 1472 3696 uestrum

174 3733 359 3816 impleatur.
386 3735 433 3797 12.
459 3731 526 3797 Hoc
550 3737 601 3798 est
623 3738 827 3816 praeseptum
852 3751 965 3811 meum,
990 3739 1024 3797 ut
1047 3733 1188 3814 diligatis
1210 3732 1358 3812 inuicem,
1389 3736 1473 3801 sieut

176 3840 273 3905 dilexi
287 3859 354 3904 uus.
382 3842 430 3906 13.
456 3838 610 3904 Maiorem
633 3837 911 3903 haedileetionem
936 3838 1146 3916 aemolrabet,
1164 3843 1202 3904 ut
1222 3838 1359 3904 animam
1382 3857 1471 3906 suam

176 3949 271 4027 ponat
296 3963 352 4026 pre
375 3944 487 4009 amieis
510 3944 585 4009 sois.
612 3945 660 4008 14.
686 3943 752 4009 Uos
776 3943 869 4007 amici
894 3944 1110 4023 molestiam
1133 3942 1284 4023 feceritis,
1308 3963 1390 4025 quae
1413 3962 1472 4027 ego

175 4049 336 4133 praecipio
361 4047 461 4116 uobis.
491 4051 535 4114 15.
561 4049 629 4117 lara
651 4067 711 4112 aaa
736 4047 805 4113 dieo
830 4065 888 4112 uos
904 4067 1026 4124 seruos,
1050 4051 1124 4130 quia
1146 4048 1473 4131 seruusneseit,quid

174 4154 250 4220 iacit
274 4154 420 4219 domiuus
443 4155 522 4219 eius.
547 4152 615 4218 Uos
638 4158 743 4218 autem
768 4153 833 4217 dixi
859 4153 986 4230 amieos,
1018 4153 1091 4234 quia
1114 4152 1229 4228 omnia,
1254 4171 1472 4235 quaecumque

176 4260 322 4325 audiuia
346 4267 436 4339 patra
460 4276 539 4336 oreo,
563 4262 637 4323 nota
660 4257 721 4322 feei
744 4257 845 4322 nobis.
874 4259 912 4322 16
947 4254 1150 4321 Nonuusme
1166 4257 1318 4339 elegistis,
1342 4258 1398 4324 sed
1414 4276 1472 4340 ege

176 4367 257 4448 elegi
280 4385 338 4430 uos
361 4371 393 4428 et
416 4365 507 4446 posui
531 4381 599 4441 uos,
624 4369 659 4428 ut
682 4363 763 4426 eatis
786 4368 818 4428 et
840 4362 977 4427 fructum
992 4360 1157 4441 adferatis,
1180 4367 1214 4426 et
1225 4360 1349 4426 innotus
1364 4366 1473 4427 uester

176 4477 311 4552 ruarreat,
336 4475 370 4534 ut
393 4469 613 4550 quodcumque
637 4465 795 4547 patieritis
818 4485 837 4530 a
859 4469 950 4548 patre
966 4466 1000 4530 iu
1023 4466 1150 4530 nomine
1181 4484 1261 4550 meo,
1292 4468 1347 4532 uer
1369 4467 1470 4532 uobis.

179 4580 228 4642 17.
252 4575 340 4639 Haeo
355 4574 469 4640 mando
494 4574 595 4651 uubis,
619 4578 656 4636 ut
679 4571 821 4652 diligatis
844 4571 989 4636 inuicem.
1016 4572 1065 4637 18.
1090 4570 1123 4636 Si
1154 4570 1290 4636 oriundus
1314 4588 1371 4635 uos
1394 4572 1471 4652 odit,

178 4681 303 4759 scitote,
340 4681 487 4760 quoniam
521 4696 571 4743 me
602 4679 738 4760 priorem
773 4677 846 4742 odio
880 4677 1000 4740 labarit.
1033 4676 1082 4739 19.
1117 4675 1151 4740 Si
1175 4677 1214 4742 de
1254 4674 1371 4740 muodo
1394 4675 1471 4741 luis·

176 4785 264 4866 setis,
287 4783 434 4860 mundus,
458 4783 540 4864 quod
566 4799 656 4848 auum
680 4787 759 4861 erat,
783 4781 953 4863 diligeret;
988 4797 1064 4845 uero
1087 4780 1170 4844 enim
1193 4781 1269 4862 quia
1292 4778 1332 4844 de
1354 4780 1472 4848 mundo

1301 4916 1334 4969 ὅ*
