3625 5775
175 536 206 592 0.
226 541 249 590 7.
572 532 753 602 Euangelium
772 532 923 588 secundum
942 530 1093 588 Lucanum.
1432 537 1474 602 89

174 747 215 812 de
238 747 327 826 lesu,
363 747 450 812 misit
473 765 508 810 se
525 795 533 811 .
550 796 583 812 ..
621 744 817 809 ludaeorum
849 761 965 824 rogans
997 762 1078 821 erim,
1111 751 1146 809 ut
1175 745 1307 809 ueniens
1330 745 1473 809 seluaret

173 870 305 918 seruum
328 852 408 916 eius.
438 851 469 914 4.
493 850 542 916 ud
574 849 622 914 illi
654 850 820 914 uenientes
851 849 892 912 ad
916 847 1026 914 Jusum
1051 849 1207 930 rogabant
1244 867 1315 912 eum
1339 847 1475 914 sollicite

175 958 342 1022 dicentes:
365 955 440 1037 quia
463 954 578 1036 dignus
600 956 661 1033 est,
685 959 722 1017 nt
742 949 803 1018 lice
818 952 865 1019 illi
888 957 1050 1034 praestem
1074 952 1104 1018 5.
1130 951 1236 1034 diligit
1252 953 1334 1018 enirn
1351 957 1477 1034 gentem

174 1067 327 1140 nestram,
358 1066 392 1126 et
414 1076 606 1144 synagogam
637 1059 706 1139 ipae
738 1055 921 1123 aedificabit
946 1057 1047 1122 nobis.
1087 1059 1117 1124 6.
1150 1057 1247 1123 Jesus
1270 1063 1375 1124 autern
1400 1060 1479 1126 abiit

175 1184 247 1232 cum
271 1167 327 1230 eis.
352 1165 488 1230 Etcum
519 1165 584 1228 iam
612 1163 709 1245 longe
737 1167 824 1229 esset
846 1181 866 1227 a
887 1163 990 1241 dumo,
1018 1164 1104 1228 misit
1134 1163 1176 1228 ad
1207 1164 1295 1228 illum
1333 1164 1476 1231 centurie

174 1271 296 1335 amices
318 1287 393 1334 sues
416 1267 542 1335 dicens:
566 1267 704 1346 demine,
729 1266 791 1331 neli
808 1273 841 1332 te
852 1285 987 1345 101110;
1012 1269 1181 1333 nonenim
1205 1269 1322 1348 dignus
1337 1287 1417 1347 sum,
1441 1274 1477 1333 ut

174 1376 235 1441 sub
251 1380 337 1440 tectu
353 1393 424 1438 meo
436 1374 553 1450 intres;
583 1375 610 1437 1.
624 1372 679 1438 sed
693 1373 744 1438 dic
759 1372 871 1450 uerbo,
887 1376 921 1436 et
936 1372 1101 1437 sanabitur
1115 1390 1196 1454 puer·
1210 1389 1311 1438 meus.
1341 1375 1372 1440 8.
1396 1373 1475 1439 Nam

175 1484 210 1544 et
232 1497 292 1561 ege
315 1479 410 1543 hemo
433 1496 502 1544 sum
532 1475 593 1542 sub
624 1482 783 1560 potestate
806 1476 1009 1556 constitutus,
1039 1476 1161 1542 habens
1184 1477 1243 1542 sub
1265 1497 1316 1543 me
1340 1479 1473 1557 milites;

175 1592 209 1648 et
242 1585 313 1650 dico
346 1582 442 1648 huic:
483 1582 576 1661 uada,
614 1587 647 1648 et
680 1581 771 1646 uadit
804 1586 837 1645 et
871 1581 950 1647 alic:
992 1582 1075 1661 ueni,
1115 1585 1147 1646 et
1181 1584 1279 1665 uenit,
1314 1589 1346 1648 et
1380 1601 1502 1664 seruo¹

175 1707 263 1752 mee:
287 1688 338 1753 iac
360 1687 431 1766 hoc,
455 1693 488 1752 et
512 1686 598 1751 lacit.
622 1689 652 1754 9.
675 1687 819 1752 Audiens
839 1693 947 1752 autem
970 1686 1049 1752 haec
1071 1685 1178 1764 lesus,
1201 1688 1336 1752 miratus
1361 1695 1420 1765 est,
1444 1695 1476 1752 et

175 1811 351 1859 conuersus
374 1793 583 1873 sequentibus
605 1810 640 1856 se
672 1792 770 1856 dixit:
800 1792 878 1857 Dico
910 1791 1016 1858 uobis:
1051 1793 1082 1856 in
1113 1791 1199 1856 nulle
1230 1797 1351 1859 tantam
1382 1791 1475 1858 fidem

175 1947 235 1963 ...
259 1898 292 1962 in
316 1896 461 1962 Istrahel.
487 1901 537 1962 10.
562 1896 605 1960 Et
628 1897 751 1963 reuersi
775 1896 913 1976 domum,
937 1897 991 1978 qui
1011 1897 1099 1962 missi
1121 1895 1261 1974 luerunt,
1286 1898 1477 1962 inuenerunt

175 2020 307 2066 seruum
337 2019 458 2066 sanum.
497 2004 544 2065 lt.
575 2001 620 2065 Et
649 1999 770 2066 taetram
801 2006 853 2065 est
877 2000 1032 2081 deinceps
1058 1999 1125 2066 ibat
1151 2001 1182 2065 in
1209 2001 1371 2068 ciuitatem
1395 2021 1476 2085 qnae

174 2111 311 2172 uocatur
341 2105 444 2188 Nalm,
464 2111 497 2169 et
519 2106 609 2171 ibant
623 2124 695 2170 cum
719 2106 772 2170 illo
787 2104 936 2188 discipuli
958 2105 1028 2172 eius
1050 2106 1142 2172 multi
1166 2113 1198 2172 et
1220 2107 1313 2172 turba
1337 2109 1474 2189 eopiosa.

177 2213 228 2277 12.
253 2210 297 2275 Et
310 2211 429 2275 factum
445 2261 453 2274 .
471 2263 477 2274 .
495 2259 502 2274 .
520 2229 549 2274 ru
573 2211 819 2292 apropinquaret
835 2215 947 2293 portae
963 2212 1115 2290 ciuitatis,
1143 2218 1176 2276 et
1191 2230 1265 2277 ecce
1281 2211 1474 2278 efferebatur

175 2313 345 2380 defunctus
369 2314 453 2379 lilius
476 2315 590 2379 unicus
612 2317 723 2380 matris
746 2333 835 2392 suae,
857 2323 892 2379 et
911 2318 990 2380 haec
1006 2317 1104 2380 uidua
1118 2320 1196 2394 erat,
1221 2321 1253 2382 et
1267 2317 1363 2382 turba
1376 2319 1473 2383 multa

175 2438 247 2483 cum
262 2419 339 2497 illa3
365 2419 414 2482 13.
439 2437 532 2501 quam
557 2437 627 2484 cum
652 2421 777 2484 uideret
798 2421 955 2502 deminus,
976 2421 1126 2485 misertus
1157 2426 1207 2486 est
1230 2439 1327 2503 super
1349 2442 1418 2487 eam
1441 2428 1474 2487 et

174 2524 258 2587 dixit
280 2524 343 2588 illi:
368 2523 442 2588 Noli
464 2521 551 2589 dere.
606 2528 654 2588 14.
683 2524 726 2588 Et
748 2525 885 2589 accessit
906 2531 940 2590 et
961 2526 1071 2605 tetigit
1108 2525 1246 2590 loculum
1287 2527 1333 2608 (hi
1357 2533 1473 2605 autem,

175 2629 228 2709 qui
251 2628 435 2710 portabant,
464 2631 648 2708 steterunt),
680 2633 713 2692 et
747 2629 809 2694 ait:
840 2628 1048 2708 Adulescens,
1080 2630 1137 2694 tibi
1164 2631 1252 2696 dieu:
1286 2649 1390 2715 surge.
1423 2635 1472 2699 15.

174 2733 218 2796 m
241 2732 372 2811 resedit,
396 2732 450 2814 qui
473 2737 545 2796 erat
566 2732 875 2814 murtuusetceepit
897 2733 1001 2816 luqui;
1026 2739 1060 2800 et
1075 2733 1163 2799 dedit
1182 2734 1270 2799 illum
1286 2736 1379 2800 matri
1396 2737 1474 2801 eius.

175 2840 228 2904 16.
253 2837 386 2918 Accepit
409 2841 514 2901 autern
545 2835 643 2902 timor
672 2855 807 2920 magnus
836 2857 955 2917 omnes,
977 2844 1010 2902 et
1036 2837 1280 2922 magnificabant
1309 2840 1402 2906 deum
1427 2841 1475 2905 di-

174 2946 301 3008 centes:
326 2943 412 3023 qued
435 2942 592 3024 propheta
605 2962 739 3025 magnus
761 2945 901 3008 surrexit
917 2945 950 3007 in
969 2942 1072 3027 nulus,
1096 2951 1129 3010 et
1145 2944 1220 3026 qula
1235 2944 1380 3010 uisitauit
1397 2946 1474 3010 dens

174 3048 300 3129 plebem
324 3066 413 3113 suam
437 3048 469 3111 in
493 3048 584 3112 bono.
614 3049 662 3113 17.
688 3048 730 3113 Et
753 3049 832 3113 exiit
854 3047 906 3112 hic
939 3064 1041 3113 sermo
1066 3048 1098 3112 in
1121 3050 1271 3113 uniuersa
1293 3048 1418 3115 Juueea
1442 3058 1475 3115 et

175 3154 265 3218 umni
288 3151 423 3218 confinio
445 3154 587 3236 regionis
610 3151 699 3219 illius
721 3154 762 3217 de
784 3172 832 3220 00.
858 3155 909 3219 18.
933 3154 977 3219 Et
998 3154 1226 3220 nuntiauerant
1248 3151 1387 3219 Juhanni
1410 3155 1473 3219 dis·

177 3259 278 3341 cipuli
301 3259 370 3323 eins
392 3258 433 3323 de
455 3258 602 3323 omnibus
626 3258 686 3323 his.
715 3259 762 3325 19.
786 3260 830 3323 Et
852 3260 1042 3325 conuocauit
1064 3258 1143 3323 duos
1166 3257 1330 3323 lohannes
1348 3261 1388 3324 de
1411 3259 1474 3324 dis·

175 3364 291 3447 cipalis
313 3365 429 3429 suis..
448 3414 455 3429 .
487 3362 529 3427 ed
550 3362 662 3427 Jesum
680 3414 687 3427 .
704 3412 738 3426 ..
769 3364 817 3427 Τιι
840 3382 885 3442 es,
909 3364 963 3444 qui
984 3368 1139 3429 uenturus
1162 3382 1208 3447 es,
1239 3382 1279 3427 an
1301 3365 1398 3428 alium
1421 3382 1474 3429 ex-

174 3470 364 3552 pecterirus?
394 3470 446 3533 20.
473 3468 692 3533 Aduenientes
722 3474 830 3533 autem
860 3469 901 3533 ud
932 3488 1004 3532 eurn
1027 3468 1089 3531 uiri
1118 3468 1284 3533 dixerunt:
1311 3468 1475 3534 lohannes

176 3573 265 3639 misit
286 3592 346 3639 nos
368 3573 515 3655 Baptista
538 3573 579 3637 ed
594 3579 627 3638 te
644 3574 769 3639 dicens:
794 3571 842 3637 Tn
858 3589 903 3650 es,
928 3574 982 3652 qui
998 3578 1151 3637 uenturus
1175 3590 1219 3651 es,
1242 3572 1398 3639 analium
1422 3592 1474 3638 ex·

176 3678 365 3761 nectamus?
398 3680 449 3743 21.
479 3678 517 3744 In
541 3679 611 3760 ipsa
633 3677 711 3743 hura
733 3677 867 3742 curabat
896 3676 1014 3743 mirltos
1039 3696 1057 3741 a
1080 3677 1287 3757 languoribus
1314 3682 1347 3742 et
1371 3678 1475 3760 plagis

176 3790 210 3848 et
232 3782 400 3865 spiritibus
432 3782 602 3848 immundis
633 3786 666 3846 et
697 3783 801 3847 caecis
831 3781 940 3846 multis
970 3781 1101 3846 donauit
1124 3782 1238 3847 nisum.
1260 3784 1321 3847 22.
1352 3780 1395 3847 Ε1
1425 3800 1474 3847 10-

176 3889 336 3971 spondens
360 3888 441 3953 dixit
462 3888 544 3954 illis:
577 3889 636 3969 lte,
660 3890 804 3953 nuntiate
828 3886 979 3965 Jehanni,
1006 3906 1088 3968 quae
1111 3888 1238 3953 uidistis
1262 3892 1296 3953 et
1318 3886 1471 3953 audistis:

177 3992 274 4059 Caeci
305 3992 427 4073 uident,
458 3993 541 4058 clodi
570 3992 744 4072 emutilant,
775 3992 894 4075 leprosi
926 3994 1125 4075 mundantur,
1157 3993 1272 4057 mortui
1290 4000 1473 4074 resurgunt,

176 4116 336 4181 pauperes
365 4097 638 4181 euangelizentur,
674 4100 724 4163 23.
760 4103 795 4162 01
825 4097 939 4161 beatus
970 4104 1029 4179 est,
1061 4098 1115 4178 uiri
1148 4099 1179 4161 in
1208 4116 1259 4163 me
1289 4115 1351 4162 nun
1378 4096 1475 4164 luerit

176 4203 420 4268 scandalizatus.
457 4204 509 4268 24.
540 4202 679 4269 Etcum
710 4202 934 4268 discessissent
964 4201 1068 4267 nuntii
1100 4202 1336 4280 illidonensis,
1370 4204 1475 4285 coepit

176 4309 284 4374 dicere
305 4309 348 4372 ad
363 4308 475 4372 turbas
498 4308 539 4373 de
561 4307 724 4373 iohanne:
749 4307 834 4384 Quid
849 4307 962 4373 existis
979 4308 1011 4371 in
1025 4308 1184 4373 desertum
1209 4307 1343 4373 uidere?
1374 4308 1476 4372 Arun-

177 4414 283 4479 dinem
321 4430 342 4477 a
379 4418 476 4477 uento
506 4412 652 4477 moueri?
691 4414 744 4479 21).
784 4411 845 4477 Sed
884 4411 962 4493 quid
1000 4412 1113 4478 existis
1144 4413 1279 4477 uidere?
1315 4410 1474 4476 hominem

174 4517 327 4583 mullibus
356 4516 559 4583 uestimentis
591 4518 759 4583 indutum?
789 4517 884 4595 11000,
916 4517 970 4598 qui
995 4516 1026 4580 in
1050 4524 1141 4582 ueste
1162 4516 1322 4599 praetiosa
1345 4521 1420 4581 sunt
1441 4523 1475 4583 et

177 4624 209 4687 in
227 4621 361 4703 deliciis,
387 4622 418 4686 in
435 4622 581 4687 domibus
604 4642 714 4705 regum
737 4628 821 4688 sunt.
845 4626 896 4689 26.
921 4621 983 4689 Sed
1006 4622 1084 4703 quid
1107 4622 1219 4687 existis
1243 4620 1377 4686 uidere?
1400 4638 1472 4703 pro-

175 4726 329 4811 phetam?
370 4726 490 4809 Utique
521 4728 593 4793 dicu
622 4727 724 4810 nobis,
759 4734 792 4791 et
813 4728 998 4810 plusquam
1021 4726 1218 4807 prophetam.
1253 4727 1306 4792 21.
1335 4724 1396 4791 Η11
1423 4732 1473 4792 est

174 4833 270 4918 enim,
294 4832 335 4898 dc
357 4850 419 4915 quo
442 4833 597 4916 scriptum
620 4838 687 4899 est:
712 4832 797 4899 Ecce
812 4882 821 4899 .
839 4880 871 4898 ..
896 4850 978 4915 ange
995 4884 1002 4899 .
1020 4884 1025 4899 .
1045 4880 1052 4897 .
1076 4838 1150 4900 ante
1172 4831 1286 4899 faeiem
1303 4837 1399 4926 tuam,
1415 4834 1472 4915 qui
