3625 5775
551 538 744 608 ,11111131Ιί11
763 539 915 594 secundum
934 539 1066 596 11111111.
1413 543 1471 608 121

43 802 44 811 ,
175 750 286 815 scribis
309 751 460 816 sedentes
482 755 516 814 et
537 749 715 832 cogitantes
737 751 771 816 in
795 750 945 816 cordibus
969 751 1036 815 suis
1059 750 1221 816 dicentes:
1248 752 1277 814 7.
1303 749 1363 815 Hic
1391 751 1472 816 blas-

176 857 311 937 phemat.
337 855 415 933 Quis
431 861 538 936 potest
553 855 715 920 dimittere
731 861 874 937 peccata,
891 856 953 919 nisi
971 854 1057 921 solus
1081 854 1176 923 deus:
1201 857 1231 920 8.
1257 856 1326 934 Quo
1343 857 1471 936 cognito

173 958 269 1025 lesus
289 961 322 1025 in
338 959 465 1043 spiritu,
490 959 564 1041 qnid
578 961 757 1042 cogitarent
779 959 863 1024 intra
886 979 930 1034 se,
956 960 1036 1024 dixit
1059 959 1139 1024 illis:
1166 960 1242 1041 quid
1266 960 1415 1042 cogitatis
1440 963 1471 1024 in

180 1065 328 1131 cordibus
351 1066 492 1130 uestris?
526 1066 601 1145 qnid
625 1068 676 1129 est
697 1063 847 1130 facilins?
881 1065 988 1129 dicere
1012 1062 1206 1146 paralytico:
1243 1066 1377 1129 remissa
1400 1068 1475 1130 suut

176 1175 394 1251 1111111111,
426 1173 483 1235 ant
505 1171 626 1236 dicere:
664 1168 767 1250 Surge
788 1174 822 1235 et
844 1169 996 1234 ambula?
1038 1171 1084 1236 10.
1109 1169 1155 1234 Ut
1177 1171 1299 1253 sciatis,
1323 1170 1471 1251 quoniam

176 1280 368 1357 potestatem
390 1273 487 1340 habet
509 1273 594 1340 lilius
616 1274 752 1339 hominis
785 1273 968 1339 remittendi
1001 1277 1143 1356 peccata,
1178 1274 1239 1350 (ait
1262 1274 1469 1357 paralyticol:
1590 1293 1593 1298 ’

174 1382 221 1443 11.
246 1378 358 1460 Surge,
382 1379 460 1444 tolle
483 1378 670 1461 grabbatum
694 1385 727 1442 et
750 1377 833 1442 nade
855 1378 888 1443 in
912 1379 1037 1443 domum
1061 1384 1156 1444 tuam.
1193 1381 1232 1444 12
1265 1379 1340 1462 lpse
1363 1385 1471 1445 autem

172 1501 305 1566 surgens
327 1483 404 1549 tulit
425 1484 605 1566 grabattum
629 1501 733 1548 coram
755 1484 902 1548 omnibus
924 1488 957 1547 et
979 1483 1068 1558 abiit,
1109 1485 1154 1550 ita
1177 1491 1213 1549 ut
1236 1483 1389 1550 mirantes
1412 1485 1466 1549 ho-

175 1585 378 1652 norificarent
389 1588 493 1663 deum,
511 1589 658 1669 quonium
674 1589 784 1654 taliter
799 1607 861 1653 non
877 1589 958 1652 talia
969 1588 1128 1653 uiderant.
1149 1590 1196 1655 13.
1210 1587 1252 1652 lit
1267 1589 1345 1654 exiit
1357 1590 1472 1654 iterum

172 1709 263 1757 secus
286 1710 383 1774 mara,
415 1693 583 1774 omnisque
604 1693 701 1759 turba
731 1692 879 1758 ueniebat
902 1694 941 1757 ad
967 1712 1037 1758 eum
1063 1699 1093 1759 11
1111 1692 1245 1758 docebat
1262 1711 1326 1760 eos.
1353 1696 1402 1758 14.
1429 1693 1471 1760 ut

172 1815 239 1860 cum
277 1798 469 1878 praeteriret
502 1799 584 1863 uidit
616 1797 771 1863 Jacobum
807 1796 891 1862 Allei
926 1797 1089 1863 sedentem
1123 1797 1162 1862 ad
1186 1798 1345 1864 teloneum
1368 1802 1402 1862 11
1424 1799 1471 1864 ait

172 1901 234 1966 illi:
259 1919 395 1982 sequere
420 1921 478 1966 me.
502 1903 546 1966 Et
569 1920 701 1984 surgens
717 1907 847 1968 secutus
862 1912 912 1968 est
924 1921 1003 1966 eum.
1019 1902 1317 1968 nostracismos
1333 1903 1469 1968 discum-

170 2005 319 2070 bentibus
343 2007 408 2072 illis
431 2008 463 2072 in
487 2007 589 2086 domo,
617 2007 707 2072 multi
731 2007 893 2092 publicani
918 2011 951 2070 et
973 2013 1159 2087 peccatores
1182 2006 1276 2072 simul
1301 2007 1469 2072 recumbe·

43 2172 44 2177 ,
170 2109 246 2174 hant
271 2128 343 2175 curn
364 2109 444 2175 Jesn
467 2117 501 2175 et
523 2111 688 2192 discipulis
712 2112 799 2189 eius;
837 2116 930 2175 erant
963 2111 1049 2176 enirn
1082 2111 1173 2176 rnulti
1208 2112 1261 2192 qni
1298 2115 1331 2176 et
1364 2113 1465 2177 secuti

43 2242 44 2285 1
170 2219 244 2278 1111
268 2232 350 2278 cum.
386 2218 433 2281 16.
458 2213 499 2279 Et
522 2216 649 2279 scribae
671 2216 915 2281 Pharisaeorum
933 2221 968 2279 ut
992 2215 1143 2279 uiderunt
1165 2217 1313 2296 quoidam
1336 2217 1466 2282 maudu-

171 2325 220 2383 cat
243 2337 316 2384 cum
339 2321 563 2400 peccatoribus
585 2324 619 2384 et
640 2319 829 2401 publicanis,
865 2320 1016 2384 dicebaut
1039 2319 1205 2401 discipulis
1230 2319 1331 2384 illius:
1367 2337 1467 2401 quare

43 2470 44 2511 ,
170 2441 238 2488 cunr
263 2423 441 2504 publicanis
464 2430 496 2489 et
509 2423 729 2506 peccatoribus
753 2423 944 2488 manducat?
971 2424 1019 2488 ll.
1045 2423 1179 2487 Etcum
1203 2423 1346 2489 audisset
1360 2423 1466 2501 Jesus,

43 2540 44 2551 ¹
170 2529 229 2592 ait:
255 2547 317 2592 non
331 2535 426 2609 egent
448 2528 549 2594 fortes
572 2531 722 2604 medicos,
746 2528 802 2593 sed
825 2530 879 2610 qui
902 2527 986 2592 male
1010 2526 1143 2605 habent3
1168 2546 1231 2591 uon
1254 2529 1330 2593 ueni
1353 2547 1467 2594 uocare

172 2633 275 2696 iustos
296 2632 352 2698 sed
377 2639 570 2714 peccatores.
613 2636 661 2698 18.
699 2633 743 2698 Ε1
774 2638 865 2698 erant
888 2632 1037 2714 discipuli
1062 2631 1219 2698 lobannis
1242 2639 1276 2696 et
1297 2633 1461 2698 Pharisaei

173 2735 374 2812 ieiunantes;
409 2743 442 2802 et
472 2738 608 2803 ueniunt
637 2743 671 2803 et
700 2739 811 2803 dicunt
840 2737 888 2802 ei:
925 2755 1024 2818 quare
1047 2737 1196 2816 discipuli
1221 2737 1466 2802 Pharisaeorum

43 2897 45 2902 ,
169 2847 201 2905 11
223 2839 381 2907 Johanuis
404 2842 558 2920 ieiunant,
582 2844 628 2906 tui
653 2849 758 2908 autem
782 2841 931 2923 discipuli
969 2861 1030 2907 non
1055 2839 1223 2907 ieiunant?
1270 2842 1318 2907 19.
1350 2840 1393 2906 Et
1423 2843 1468 2907 ait

43 2987 44 2990 =
168 2948 249 3012 illis:
273 2947 425 3028 numquid
449 2952 583 3028 possunt
599 2946 656 3013 lilii
680 2949 872 3030 nuptiarum,
896 2948 1037 3028 quandiu
1062 2964 1132 3011 curn
1156 2946 1219 3011 illia
1247 2953 1297 3012 111
1318 2964 1464 3028 sponsus,

169 3050 971 3131 111111111211.111111111111,111111111111111
1004 3052 1045 3117 ab
1068 3052 1115 3117 eis
1138 3068 1285 3133 sponsus,
1320 3056 1354 3115 11
1387 3057 1464 3116 tuuc

166 3157 354 3222 ieiunabunt
366 3157 397 3220 in
420 3155 487 3222 illis
509 3155 632 3221 diebus.
656 3159 708 3222 21.
722 3154 822 3222 Nemo
836 3158 1076 3222 commissuram
1092 3157 1187 3237 panni
1204 3157 1276 3221 noui
1295 3158 1461 3223 assuitus·

168 3263 320 3325 stimento
343 3260 456 3340 ueteri,
480 3261 619 3343 alioquin
643 3262 729 3327 tollit
751 3262 1007 3344 supplementum
1029 3279 1147 3325 rrouum
1164 3278 1183 3325 a
1199 3264 1309 3326 uetere
1326 3267 1358 3325 et
1373 3262 1463 3343 peior

166 3364 203 3430 lit
224 3364 374 3430 scissura.
398 3367 450 3430 22.
475 3364 518 3429 Et
541 3383 633 3429 nemo
655 3366 754 3430 mittit
776 3366 886 3430 uinum
909 3384 1028 3430 nouum
1052 3368 1084 3430 in
1108 3372 1198 3431 utres
1234 3371 1372 3442 ueteres,
1408 3366 1463 3429 sed

167 3472 199 3534 in
222 3486 341 3554 nonos;
364 3469 505 3550 alioquin
529 3470 690 3551 dirumpet
713 3476 801 3535 utres
826 3475 860 3534 et
882 3471 990 3534 uinum
1014 3475 1047 3534 et
1070 3476 1156 3535 utres
1173 3470 1332 3551 peribunt.
1356 3470 1406 3535 23.
1423 3468 1465 3535 Et

165 3574 284 3639 iactum
307 3578 448 3639 1111111
472 3572 614 3641 sabbatis
637 3574 816 3640 ambularet
838 3594 895 3656 per
918 3580 1054 3655 segetes,
1087 3572 1235 3655 discipuli
1259 3574 1328 3638 eius
1351 3592 1465 3655 coepe·

164 3683 241 3744 runt
264 3679 383 3742 uellere
407 3680 522 3760 spicas.
547 3681 598 3742 24.
622 3679 786 3743 Pharisaei
811 3687 917 3744 autem
941 3678 1089 3743 dicebant
1122 3678 1185 3741 illi:
1221 3697 1296 3743 ceco
1317 3679 1395 3759 quid
1418 3679 1464 3743 la-

165 3785 255 3848 ciunt
270 3783 416 3864 discipuli
432 3783 480 3847 tui
497 3783 648 3862 sabbatis,
664 3784 747 3865 quod
765 3804 826 3847 non
843 3783 961 3848 licebat
983 3783 1059 3849 eis?
1082 3784 1132 3847 25.
1158 3783 1200 3848 Et
1223 3785 1268 3848 ait
1284 3782 1367 3848 illis:
1392 3780 1464 3847 Non

164 3888 225 3953 huc
248 3887 381 3967 legistis,
399 3888 475 3968 quid
498 3886 611 3952 lecerit
634 3888 749 3971 Dauid,
768 3908 837 3953 cum
860 3890 1086 3954 necessitatem
1109 3887 1222 3953 habuit
1243 3892 1276 3952 et
1298 3888 1411 3953 esuriit
1431 3892 1463 3952 et

164 3993 219 4074 qui
243 4011 313 4057 cum
338 3992 393 4057 illo
415 3993 535 4057 erant?
566 3996 616 4059 26.
642 3993 806 4070 Quomodo
829 3992 965 4057 intrauit
989 3994 1020 4057 11
1044 3993 1169 4058 domum
1193 3992 1244 4057 dei
1268 3999 1303 4057 et
1330 3992 1462 4056 1111111-

164 4097 252 4161 111111
274 4114 373 4178 panes
396 4098 624 4179 propositionis
655 4104 689 4162 et
711 4097 800 4162 dedit
823 4096 873 4162 his
896 4099 950 4179 qui
976 4116 1046 4163 cum
1069 4099 1140 4179 ipso
1163 4102 1265 4173 crant,
1297 4114 1377 4177 quos
1399 4114 1462 4161 non

162 4200 284 4267 licebat
306 4201 497 4265 manducare
531 4201 593 4265 nisi
627 4200 705 4266 solis
738 4202 982 4267 sacerdotibus?
1027 4206 1078 4268 21.
1104 4202 1183 4266 Dico
1217 4200 1324 4266 autem
1359 4201 1461 4279 uobis,

163 4306 241 4387 quia
264 4306 417 4371 sabbatus
439 4312 569 4387 propter
593 4305 750 4370 homiuem
774 4306 878 4370 lactus
902 4312 961 4387 est,
994 4325 1055 4371 uon
1081 4306 1173 4369 homo
1196 4312 1326 4388 propter
1350 4307 1463 4370 sabba-

162 4420 242 4477 tum.
266 4410 317 4474 211.
342 4407 425 4485 Quia
447 4410 593 4475 dominns
617 4414 668 4472 est
689 4408 775 4473 lilius
796 4411 935 4475 hominis
958 4412 1055 4475 etiam
1080 4410 1214 4475 sabbati.

269 4616 329 4683 111.
360 4621 384 4682 1.
409 4618 543 4683 Etcum
568 4618 732 4683 introisset
756 4618 870 4684 iterum
895 4619 925 4682 in
949 4636 1154 4700 synagogam,
1187 4619 1277 4683 uenit
1307 4618 1346 4683 ad
1371 4618 1462 4683 illum

161 4725 256 4790 homo
280 4741 404 4787 manum
429 4724 550 4787 aridam
574 4722 705 4787 habens.
730 4723 760 4786 2.
784 4722 827 4786 Et
849 4722 1067 4787 obseruabant
1090 4740 1172 4804 eum,
1204 4725 1229 4787 si
1254 4723 1386 4789 sabbato
1406 4742 1460 4787 ru·

161 4836 259 4906 raret,
283 4834 320 4893 ut
340 4834 530 4893 accusarent
551 4827 650 4893 illum.
675 4832 703 4893 3.
729 4828 771 4892 Et
794 4828 841 4892 ait
863 4826 981 4891 homini
1005 4829 1058 4911 qui
1083 4827 1221 4893 habebat
1244 4846 1370 4895 11111111
1393 4828 1456 4893 ari-
