3625 5775
378 519 437 600 132
763 529 944 599 Errangeiium
964 529 1113 584 secuudum
1133 529 1267 583 hlurcum.
1599 533 1628 587 c,
1648 538 1681 585 9,

376 745 565 824 ubicumque
595 762 666 808 eum
699 741 992 822 adprehendiderit,
1022 741 1134 806 allidet
1163 761 1236 807 eum
1268 748 1300 806 et
1331 749 1457 824 spumat
1491 751 1524 808 et
1559 746 1677 810 stridet

375 847 523 913 dentibus
546 848 668 916 suiset
691 845 817 927 arescit,
848 852 880 910 et
904 843 971 911 diri
994 844 1161 929 discipulis
1184 848 1259 924 tuis,
1284 852 1319 912 ut
1343 849 1483 912 eicerent
1515 850 1616 929 illum,
1641 858 1675 915 et

375 973 437 1018 non
461 958 636 1035 potuerunt
659 953 765 1019 eicere
788 950 887 1015 iilum.
917 952 961 1016 18.
989 952 1031 1018 Et
1046 951 1243 1033 respondens
1259 954 1340 1018 dixit
1355 954 1437 1018 inis:
1462 955 1674 1037 Ogeuoratio

376 1057 551 1136 incredula,
576 1058 726 1139 quamdiu
751 1061 831 1139 aput
853 1074 911 1121 uos
935 1057 1013 1122 ero?
1045 1057 1195 1137 quamdiu
1221 1059 1324 1138 patiar
1340 1059 1421 1125 nos?
1447 1061 1569 1126 adferte
1586 1061 1675 1126 illum

375 1163 497 1228 adme.
526 1163 573 1228 19.
598 1162 641 1225 Et
663 1160 840 1226 attulerunt
863 1179 952 1238 errrn;
978 1165 1095 1226 etcum
1119 1161 1253 1228 uidisset
1278 1163 1364 1227 iilum
1394 1164 1525 1246 spiritus
1543 1167 1660 1230 immun

377 1267 447 1345 dus,
480 1265 682 1332 contus-bonit
712 1284 856 1349 puerum,
889 1273 921 1330 et
945 1267 1043 1332 elisus
1075 1269 1106 1330 in
1138 1273 1255 1332 terram
1287 1269 1492 1336 uolutabatur
1515 1291 1676 1354 spumans.

377 1373 428 1437 20.
446 1372 490 1437 Et
505 1372 719 1453 interrogauit
731 1391 819 1436 enarr:
834 1378 988 1452 quantum
1005 1371 1158 1454 temporis
1174 1379 1232 1452 est,
1257 1391 1295 1437 ox
1318 1393 1380 1456 quo
1396 1374 1455 1440 hoc
1479 1379 1507 1440 ei
1532 1377 1678 1442 accidit?

377 1478 428 1542 21.
454 1476 503 1540 ad
528 1476 584 1540 illo
607 1477 790 1560 respoudit:
823 1477 870 1540 ab
893 1476 1038 1540 infantia.
1070 1477 1112 1541 Et
1136 1479 1320 1558 frequenter
1343 1478 1430 1544 illum
1462 1481 1620 1563 inignem
1645 1489 1678 1546 et

377 1583 545 1661 inaquam
568 1582 676 1658 mittit,
711 1586 747 1645 nt
769 1600 841 1646 eum
864 1581 995 1662 perdat;
1030 1582 1085 1646 sod
1109 1583 1136 1648 si
1169 1584 1245 1664 quid
1278 1588 1378 1664 potes,
1416 1585 1551 1650 subueui
1575 1587 1677 1664 nobie,

377 1685 513 1764 domino,
538 1687 798 1768 misertussuper
821 1705 890 1752 nos.
915 1689 966 1751 22.
990 1685 1086 1752 Josus
1102 1693 1208 1752 autem
1227 1687 1272 1754 ait
1289 1688 1352 1754 illi:
1376 1688 1407 1755 Si
1429 1695 1519 1771 potes
1535 1692 1679 1770 credere,

378 1790 483 1855 omnia
499 1790 665 1872 possibilia
681 1791 785 1872 (sunt)
810 1791 962 1856 credenti.
989 1795 1029 1856 23
1058 1791 1100 1855 Et
1116 1793 1266 1858 cointirrno
1290 1793 1469 1862 exclamans
1492 1799 1582 1877 pater
1606 1816 1677 1863 oum

377 1895 526 1978 lacrymis
559 1895 620 1959 ait:
661 1893 775 1976 Credo,
810 1896 949 1972 domine,
982 1897 1099 1960 adiuna
1128 1896 1387 1963 incrudelitatem
1411 1918 1519 1964 meam.
1559 1903 1609 1966 24.
1634 1899 1679 1966 m

378 2019 448 2065 cum
472 1999 598 2064 uideret
619 1998 726 2082 Jeaus,
758 2000 841 2080 quod
873 2007 1080 2066 concurreret
1109 2002 1212 2076 turba,
1244 2009 1452 2068 comminatus
1476 2011 1526 2068 est
1549 2006 1678 2087 spiritui

377 2104 539 2170 immundo
573 2104 717 2186 dixitque
748 2104 813 2168 iili:
845 2104 947 2169 Surda
971 2106 1133 2170 immunde
1157 2108 1301 2188 spirituc,
1334 2127 1390 2189 ego
1421 2109 1481 2175 tibi
1504 2111 1678 2192 praecipio,

377 2209 427 2273 exi
452 2209 491 2272 ab
523 2207 578 2273 illo
601 2213 634 2271 et
657 2227 746 2289 caue,
778 2228 818 2272 ne
842 2210 983 2272 introeas
1015 2210 1047 2272 io
1077 2229 1158 2274 enin
1194 2213 1247 2276 25.
1279 2212 1468 2276 Exclamans
1492 2217 1598 2277 autem
1622 2213 1678 2277 ilie

377 2313 512 2398 spiritus
549 2313 739 2388 immundus,
783 2314 969 2396 discerpens
1003 2314 1103 2380 exiuit
1126 2313 1165 2379 ab
1189 2335 1236 2392 eo,
1273 2318 1306 2379 et
1339 2316 1443 2380 strutus
1477 2322 1526 2381 est
1561 2317 1678 2398 infans,

380 2419 469 2483 uelut
499 2424 654 2498 mortuus,
687 2419 733 2482 ita
756 2423 792 2482 ut
814 2418 905 2482 multi
937 2419 1105 2484 cruciarent
1134 2439 1171 2484 eo
1203 2421 1286 2500 quod
1317 2425 1460 2486 mortuus
1494 2427 1588 2487 esset.
1624 2427 1677 2488 2⁴5.

380 2525 478 2590 Jesus
510 2528 616 2588 autem
658 2528 772 2588 tenens
802 2541 929 2586 bianum
961 2525 1030 2590 eius
1073 2525 1214 2590 eleuauit
1249 2524 1337 2590 illum
1371 2533 1404 2590 et
1438 2528 1586 2592 surrexit.
1624 2529 1677 2594 2ῖ.

384 2628 464 2695 Cum
490 2633 595 2693 autem
621 2629 783 2694 introisset
807 2631 837 2692 in
863 2630 1000 2706 domum,
1025 2628 1174 2712 discipuli
1198 2632 1267 2696 eius
1290 2638 1414 2697 secreto
1439 2631 1681 2714 interrogabant

380 2755 451 2801 eum
476 2733 637 2798 dicentes:
664 2732 729 2798 Cur
751 2752 810 2798 uos
835 2753 896 2796 non
919 2734 1081 2816 potuimus
1104 2737 1208 2800 eicere
1231 2736 1344 2800 iilum?
1367 2737 1418 2802 28.
1444 2737 1486 2800 Et
1510 2737 1591 2802 dixit
1613 2737 1678 2801 iilis

378 2839 492 2909 tosus:
517 2835 587 2904 Hoc
611 2856 710 2921 genus
735 2838 765 2901 in
790 2838 877 2903 nulio
894 2843 1001 2921 potest
1016 2839 1105 2905 exire
1122 2841 1183 2905 nisi
1207 2847 1238 2905 in
1262 2841 1459 2907 orationibus
1483 2843 1515 2905 ot
1538 2841 1679 2908 ieiuniis.

379 2948 431 3012 29.
455 2945 533 3011 lude
555 2944 691 3027 profecti
723 2945 925 3009 transiebant
948 2946 979 3008 in
1004 2944 1192 3025 Galilaeam,
1224 2965 1282 3011 nec
1306 2946 1456 3011 uolebant
1489 2964 1681 3027 quemquam

379 3052 472 3118 scire.
502 3051 556 3116 30.
581 3048 725 3114 Docebat
756 3053 862 3113 autem
893 3048 1068 3131 discipulos
1099 3068 1175 3116 suos
1198 3056 1231 3116 et
1253 3050 1380 3115 dicebat
1405 3052 1483 3116 illis:
1520 3050 1680 3128 Quoniam

380 3156 464 3222 filius
500 3153 639 3220 bominis
672 3152 819 3218 tradetur
854 3154 885 3218 iu
922 3154 1066 3219 manibus
1102 3155 1272 3235 hominum,
1307 3162 1340 3220 et
1374 3156 1521 3220 occident
1549 3175 1621 3219 enirn
1645 3162 1682 3221 et

380 3260 504 3328 occisus
533 3264 607 3342 post
636 3266 704 3325 tres
735 3259 804 3324 dies
834 3266 992 3341 resurget.
1032 3263 1083 3327 31.
1123 3261 1172 3324 ad
1196 3260 1242 3325 illi
1278 3262 1466 3343 ignorabant
1490 3261 1622 3325 uerbum
1646 3268 1681 3326 et

379 3367 535 3433 timebant
557 3382 630 3430 enm
655 3365 861 3444 interrogare.
897 3366 949 3428 32.
981 3365 1025 3429 Et
1049 3370 1204 3429 auerterunt
1230 3363 1493 3448 Cbapharnaum3
1528 3366 1681 3447 quicum

381 3472 466 3537 domi
489 3474 607 3546 essent,
630 3468 848 3550 interrogabat
872 3468 957 3533 illos:
986 3468 1060 3548 qnid
1079 3468 1109 3532 in
1135 3471 1219 3533 uiam
1243 3470 1459 3535 tractabatis?
1482 3473 1533 3537 33.
1559 3471 1607 3535 Ad
1631 3470 1680 3535 illi

382 3577 538 3651 tacebant,
569 3576 654 3639 inter
686 3594 720 3639 se
743 3576 826 3638 enim
848 3574 1077 3654 disquirebant,
1110 3574 1181 3655 quis
1212 3581 1297 3639 esset
1328 3574 1453 3640 illorum
1485 3578 1593 3641 maior.
1626 3577 1681 3641 34.

380 3680 469 3746 Tunc
495 3679 640 3744 consedit
670 3682 704 3743 et
733 3678 862 3742 uocauit
884 3677 948 3743 XII
984 3684 1016 3744 ct
1039 3680 1086 3743 ait
1107 3680 1189 3745 illis:
1225 3680 1252 3745 si
1276 3681 1347 3761 quis
1371 3680 1440 3744 uult
1464 3682 1583 3762 primus
1607 3700 1682 3746 esse

383 3787 469 3851 inter
493 3803 560 3866 uos,
585 3783 641 3849 fiat
664 3784 803 3848 omnium
827 3784 1021 3849 nouissimus
1051 3791 1085 3849 et
1104 3784 1241 3851 omnium
1266 3786 1419 3851 minister.
1457 3788 1509 3853 35.
1533 3787 1576 3851 Et
1599 3789 1683 3851 acci·

381 3891 472 3972 piens
495 3907 638 3972 puerum,
664 3889 780 3953 statuit
803 3888 891 3953 illum
916 3890 948 3953 iu
971 3890 1109 3954 medium
1133 3909 1259 3971 eorum;
1283 3909 1376 3973 quem
1402 3910 1469 3955 cum
1496 3888 1683 3971 complexus

381 4001 467 4061 esset
490 3996 536 4060 ait
558 3993 640 4059 illis:
665 3997 716 4061 36.
742 3994 895 4075 Quisquis
913 4014 952 4060 ex
974 3995 1155 4061 huiusmodi
1179 3996 1288 4079 pneris
1311 3998 1473 4080 receperit
1496 3998 1525 4061 in
1551 3994 1682 4061 nomine

382 4120 461 4179 meo,
477 4118 528 4165 me
542 4100 674 4180 repicit;
699 4104 732 4164 et
744 4100 933 4181 quicumque
951 4120 999 4165 me
1016 4102 1197 4183 susciperit,
1221 4120 1282 4165 non
1300 4120 1349 4167 me
1366 4103 1511 4183 suscipit,
1525 4103 1580 4167 sed
1595 4120 1682 4179 euni,

382 4205 436 4287 qni
459 4224 509 4271 me
532 4205 627 4271 misit.
652 4206 703 4269 37.
728 4204 907 4287 Respondit
928 4205 975 4269 iili
1000 4204 1163 4271 Jobanues
1188 4211 1220 4270 et
1243 4206 1321 4271 dicit
1338 4208 1383 4271 ei:
1410 4206 1572 4288 Magister,
1597 4206 1683 4271 aridi·

382 4330 453 4377 mus
484 4311 640 4392 quendam
666 4310 697 4373 in
723 4310 848 4373 noniine
880 4316 936 4375 tuo
968 4312 1135 4375 eicientem
1159 4312 1336 4389 daemonia,
1370 4313 1422 4394 qui
1449 4331 1509 4377 non
1534 4312 1684 4391 sequitur

382 4432 440 4482 nos
462 4420 495 4481 et
518 4415 737 4496 prohibuimus
755 4434 836 4480 enm.
861 4418 914 4482 33.
939 4417 987 4480 Ad
1005 4416 1059 4480 ille
1077 4416 1273 4498 respondens
1288 4419 1349 4482 ait:
1376 4416 1482 4482 Nolite
1499 4415 1683 4499 prohibere,

382 4541 474 4586 nemo
497 4525 547 4586 est
570 4521 653 4585 enim
679 4523 731 4602 qui
765 4520 864 4585 faciat
896 4521 1051 4585 uirtutem
1075 4522 1105 4585 iu
1130 4522 1256 4585 nomine
1285 4540 1365 4600 meo,
1401 4528 1434 4585 et
1457 4524 1576 4603 poterit
1599 4522 1684 4586 rnuhe

381 4626 469 4709 loqui
493 4627 532 4692 de
555 4645 615 4691 me.
639 4628 690 4694 39.
716 4626 776 4704 Qui
802 4627 886 4690 enim
910 4644 971 4691 non
996 4632 1046 4691 est
1068 4627 1239 4691 aduersum
1264 4646 1331 4707 nos,
1356 4645 1413 4707 pro
1438 4626 1528 4691 uobis
1544 4630 1603 4691 est.
1628 4629 1683 4691 tt).

384 4733 537 4814 Quisquis
562 4731 645 4797 euim
669 4737 782 4815 potum
800 4732 927 4798 dederit
950 4732 1041 4799 uobis
1059 4731 1190 4797 calicem
1213 4750 1315 4813 aquae
1338 4732 1475 4813 frigidae
1499 4733 1530 4795 in
1554 4732 1686 4797 contine

383 4856 464 4912 meo,
489 4837 564 4919 quia
589 4835 709 4903 Christi
733 4839 824 4919 estis,
849 4856 941 4901 arnon
965 4837 1036 4903 dico
1061 4836 1160 4915 trebia,
1186 4838 1343 4917 quianon
1368 4836 1481 4918 perdet
1503 4836 1685 4902 rnercedem
