3625 5775
366 579 409 650 86
754 579 936 652 Euangelium
955 581 1104 642 secundum
1123 583 1272 642 1111111111.
1592 587 1621 644 C.
1642 593 1671 642 5.

366 801 478 859 serunt
502 794 591 860 illum
615 814 685 860 cum
720 796 804 861 lecto
838 797 870 861 in
894 799 998 862 medio
1022 805 1095 864 autc
1118 799 1238 864 lesum.
1285 799 1335 864 20.
1361 797 1503 875 Quorum
1525 805 1562 862 ut
1584 797 1672 863 uidit

365 895 471 978 fidem,
495 899 575 964 dixit
597 899 733 966 homini:
758 901 904 966 Remissa
927 908 1001 968 sunt
1025 903 1083 968 tibi
1107 909 1240 985 peccata
1261 909 1325 967 tua.
1351 903 1401 968 21.
1426 902 1469 967 Et
1492 909 1669 984 coeperunt

366 1006 507 1084 cogitare
528 1004 652 1070 scribae
675 1011 708 1070 et
730 1005 893 1070 Pharisaei
917 1007 948 1070 iu
972 1007 1121 1072 cordibus
1145 1010 1213 1072 suis
1236 1007 1396 1072 diceutes:
1423 1007 1500 1084 Quis
1520 1013 1570 1072 est
1602 1007 1668 1088 bie,

366 1111 421 1189 qui
435 1110 578 1190 loquitur
592 1109 831 1192 blasphemias?
844 1113 916 1192 quis
932 1116 1039 1195 potest
1055 1113 1216 1177 dimittere
1230 1117 1362 1194 peccata
1379 1111 1439 1176 uisi
1456 1111 1544 1176 solus
1560 1111 1669 1176 deus?

365 1213 417 1276 22.
441 1212 488 1278 Ut
510 1215 658 1296 cognouit
680 1214 895 1280 autemdesus
918 1217 1130 1298 cogitationes
1153 1235 1274 1294 eorum,
1298 1215 1379 1280 dixit
1401 1215 1442 1280 ad
1465 1215 1555 1281 illos:
1581 1216 1668 1293 Quid

365 1317 515 1397 cogitatis
538 1318 569 1381 11
593 1319 743 1386 cordibus
777 1320 919 1384 uestris?
950 1322 1001 1387 23.
1026 1319 1109 1398 Quid
1142 1326 1192 1385 est
1221 1320 1346 1386 facilius
1377 1321 1500 1386 dicere:
1534 1321 1668 1386 dimissa

365 1421 510 1486 sunttibi
536 1429 676 1502 peccata,
700 1429 757 1489 aut
778 1424 899 1489 dicere:
926 1444 1020 1505 surge
1042 1431 1076 1489 11
1099 1422 1248 1490 ambula?
1272 1426 1322 1490 24.
1346 1425 1391 1488 Ut
1414 1425 1525 1492 sciatis
1547 1433 1666 1504 autem,

364 1526 441 1605 quia
464 1523 549 1591 lilius
572 1529 709 1594 hominis
732 1536 924 1610 potestatem
961 1529 1057 1594 babet
1079 1545 1176 1610 super
1198 1535 1315 1594 terram
1340 1529 1502 1593 dimittere
1524 1540 1666 1610 peccata,

365 1629 412 1691 ait
434 1629 630 1711 paralytico:
656 1632 713 1697 tibi
737 1633 818 1711 diro,
842 1651 937 1714 surge
953 1639 987 1698 et
1003 1633 1080 1698 tolle
1096 1633 1212 1698 lectum
1230 1643 1319 1697 tuum
1344 1641 1376 1697 11
1392 1632 1473 1698 uude
1490 1634 1521 1696 iu
1539 1632 1665 1698 domum

362 1739 460 1798 tuam.
485 1736 535 1799 24.
560 1735 603 1801 Et
624 1736 793 1802 confestim
820 1758 957 1820 surgens
990 1757 1096 1802 coraru
1119 1739 1195 1816 illis,
1226 1736 1300 1802 tulit
1329 1737 1456 1814 lectum,
1480 1739 1512 1801 in
1536 1755 1597 1819 quo
1620 1739 1667 1803 ia-

364 1837 465 1920 cebat,
490 1844 523 1902 et
545 1841 626 1904 abiit
649 1841 681 1905 iu
706 1846 832 1907 doroum
856 1863 946 1908 suam
969 1841 1175 1924 magnificans
1200 1842 1302 1908 deum.
1335 1844 1386 1907 26.
1411 1841 1454 1906 Et
1476 1847 1587 1922 stupor
1609 1843 1665 1906 ud-

365 1942 551 2021 praebendit
564 1963 682 2024 omues,
699 1954 732 2010 11
743 1945 989 2029 magnificabant
1003 1947 1105 2012 deum.
1130 1947 1173 2010 Et
1185 1947 1300 2027 repleti
1325 1951 1398 2010 suut
1421 1945 1534 2010 timore
1558 1945 1665 2010 dicen-

364 2049 429 2111 tes:
454 2049 531 2128 quia
554 2047 691 2115 uidimus
713 2051 875 2117 mirabilia
910 2051 1014 2117 bodie.
1061 2053 1112 2116 27.
1148 2049 1191 2115 Ε1
1214 2055 1286 2132 post
1309 2050 1388 2114 haec
1411 2047 1608 2116 1111111111
1631 2059 1666 2116 et

363 2150 445 2215 uidit
477 2152 679 2232 publicanum
712 2158 838 2220 nominc
862 2155 943 2220 Leui
974 2158 1138 2220 sedentem
1173 2157 1213 2220 ad
1246 2152 1418 2229 teloneum,
1453 2159 1485 2218 et
1511 2155 1558 2219 ait
1596 2153 1662 2220 illi:

363 2253 506 2336 Sequere
529 2276 588 2322 me.
613 2261 663 2326 28.
689 2259 731 2325 Et
753 2261 873 2326 relictis
885 2263 1042 2338 omuibus,
1067 2275 1201 2341 surgens
1224 2263 1352 2324 secutus
1375 2263 1425 2324 est
1447 2277 1528 2324 eum.
1553 2259 1604 2323 29.
1622 2258 1666 2323 Et

362 2359 440 2425 fecit
461 2362 508 2427 illi
531 2365 713 2428 conuiuium
735 2385 884 2447 magnum
906 2367 939 2430 iu
963 2365 1088 2429 domum
1105 2383 1205 2438 suam,
1229 2373 1263 2429 et
1277 2369 1346 2428 crat
1368 2365 1462 2428 turba
1485 2365 1583 2428 multa
1606 2383 1663 2444 pu-

364 2464 559 2532 blicanorum
584 2473 618 2533 et
639 2469 783 2548 aliorum,
806 2470 862 2550 qui
885 2491 956 2536 eum
982 2470 1044 2534 illis
1061 2475 1152 2534 eraut
1167 2468 1411 2536 discumbentes.
1436 2471 1486 2534 30.
1513 2467 1556 2532 Et
1579 2487 1663 2532 mur-

362 2577 571 2636 muraueruut
590 2573 754 2639 Pharisaei
778 2581 811 2640 et
834 2577 959 2642 scribae
992 2593 1102 2639 eorum
1125 2574 1267 2639 dicentes
1298 2574 1337 2638 ad
1369 2572 1543 2655 discipulos
1575 2572 1662 2638 eius:

363 2692 465 2755 quare
487 2694 557 2740 cum
583 2676 762 2757 publicanis
785 2686 818 2745 et
841 2681 1064 2761 peccatoribus
1087 2681 1259 2744 manducat
1281 2687 1313 2744 et
1337 2678 1444 2743 bibit?
1471 2679 1522 2744 31.
1548 2678 1591 2742 Et
1613 2697 1663 2742 re-

362 2779 522 2859 spondeus
544 2781 640 2848 Jesus
663 2783 743 2850 dixit
765 2784 805 2851 ad
829 2785 915 2850 illos:
943 2785 1014 2849 Non
1026 2791 1132 2867 egent,
1146 2787 1199 2865 qui
1217 2784 1285 2848 sani
1301 2788 1384 2862 sunt,
1409 2782 1579 2864 medicum,
1604 2783 1661 2848 sed

362 2886 416 2965 qui
438 2887 522 2952 male
544 2889 672 2956 babent.
696 2890 831 2957 311111
856 2892 1058 2955 1111111111
1075 2892 1186 2965 iustos,
1211 2887 1269 2955 sed
1291 2894 1475 2971 peccatores
1499 2890 1531 2952 11
1555 2886 1662 2969 paeni·

361 2994 504 3058 tentiam.
528 2997 578 3061 33.
604 2995 653 3058 hd
676 2994 723 3059 1111
747 2996 898 3061 dixerunt
920 2997 960 3061 ad
984 3014 1073 3060 eum:
1106 2998 1212 3071 Quare
1230 2993 1378 3076 discipuli
1402 2992 1560 3058 lobannis
1583 2993 1663 3056 ieiu-

362 3102 439 3161 nant
461 3096 653 3182 frequenter,
685 3100 929 3167 Pharisaeorum
954 3102 1190 3167 obsecrationes
1212 3097 1343 3175 iaciunt,
1367 3100 1415 3162 tui
1439 3102 1545 3161 autem
1569 3097 1662 3162 disci-

326 3182 332 3195 ’
363 3201 428 3280 puli
452 3202 551 3266 edunt
580 3212 613 3267 et
636 3204 772 3270 bibunt?
816 3204 1016 3282 31111111
1050 3209 1119 3289 ipse
1155 3207 1216 3269 ait:
1252 3202 1414 3283 Numquid
1449 3207 1582 3284 possunt
1604 3198 1661 3265 filii

362 3308 473 3385 sponsi
504 3308 658 3387 ieiunare,
690 3310 831 3391 quaudiu
863 3330 933 3375 cum
965 3312 1029 3378 illis
1053 3320 1103 3379 est
1135 3306 1661 3391 1111111135.11111111111111

362 3407 441 3491 dies,
465 3430 534 3475 cum
548 3412 712 3477 auferetur
735 3414 774 3478 ab
798 3414 863 3479 illis
875 3434 1024 3498 sponsus,
1049 3423 1082 3481 et
1098 3412 1372 3480 tuucieiuuabuut
1394 3410 1427 3476 in
1452 3410 1516 3476 illis
1538 3410 1661 3476 diebus.

362 3514 414 3579 36.
438 3514 527 3581 Dixit
549 3523 654 3582 autem
678 3526 712 3581 et
734 3519 976 3584 similitudinem
1000 3520 1040 3584 ad
1064 3520 1136 3585 illos
1159 3518 1272 3583 talem:
1308 3519 1381 3597 quia
1404 3534 1495 3580 nemo
1519 3516 1661 3580 11111111-

362 3636 467 3683 suram
506 3640 525 3684 a
559 3624 749 3687 uestimento
783 3642 866 3689 nouo
898 3626 929 3688 in
953 3626 1146 3689 uestimento
1181 3624 1301 3700 ueteri;
1336 3622 1454 3705 alioqiu
1483 3628 1516 3686 et
1545 3638 1660 3685 nouum

362 3727 483 3806 rumpit
505 3746 544 3791 11
560 3728 673 3806 ueteri,
699 3746 760 3793 nou
786 3730 936 3792 conuenit
959 3728 1146 3796 commisere
1165 3747 1292 3793 suono.
1316 3728 1366 3794 37.
1392 3728 1434 3791 Ε1
1450 3744 1540 3790 nemo
1564 3726 1663 3789 mittit

362 3830 471 3893 uinum
495 3848 612 3896 nouom
637 3834 668 3895 in
692 3838 781 3897 utres
814 3844 951 3909 ueteres,
983 3834 1124 3917 alioquin
1150 3834 1268 3916 rumpit
1291 3833 1399 3897 uinum
1420 3848 1538 3895 nouum
1562 3837 1660 3905 utres,

361 3936 394 3995 et
415 3934 518 4014 ipsurn
543 3934 736 4016 effundetur,
760 3945 793 4002 et
816 3942 904 4003 utres
929 3939 1095 4019 peribunt:
1120 3940 1170 4005 33.
1196 3937 1252 4004 sed
1269 3938 1376 4001 uinum
1393 3954 1508 4002 nouum
1527 3936 1558 3999 in
1572 3938 1660 3998 utres

361 4055 460 4101 nouos
479 4041 619 4119 mittunt,
643 4047 677 4106 et
699 4043 825 4123 utrique
848 4050 1087 4109 conseruautur.

465 4248 528 4318 vl.
554 4256 579 4317 1.
603 4251 736 4316 Factum
758 4258 809 4318 111
831 4258 939 4317 autem
963 4254 995 4318 in
1019 4252 1160 4333 sabbato,
1185 4271 1256 4317 cum
1269 4253 1422 4315 transiret
1444 4268 1502 4333 por
1521 4254 1656 4332 segetes

361 4360 393 4419 et
417 4355 598 4437 coepissent
619 4356 843 4439 discipuli...
866 4357 988 4423 uellere
1011 4360 1114 4441 spicas
1132 4363 1164 4422 et
1181 4358 1419 4432 erranducarent,
1445 4354 1657 4421 confricantes

360 4479 399 4525 ea
433 4461 579 4528 manibus
611 4464 696 4542 suis3
731 4468 761 4529 2.
785 4463 882 4544 aliqui
918 4470 1024 4528 autem
1059 4464 1302 4529 Pharisaeorum
1338 4460 1486 4525 dicebaut
1521 4458 1560 4523 ad
1585 4476 1656 4523 eos:

360 4567 434 4647 quid
466 4566 573 4632 facitis
603 4568 755 4649 sabbatis
787 4570 869 4652 quud
902 4588 965 4633 uon
994 4568 1093 4634 licet?
1128 4572 1156 4635 3.
1183 4568 1224 4633 Et
1258 4564 1456 4648 respondens
1490 4563 1572 4628 dixit
1594 4562 1657 4626 illis

359 4670 474 4737 lesus:
499 4673 564 4737 Nec
579 4672 713 4757 legistis,
736 4677 814 4758 quid
828 4675 945 4740 lecerit
960 4675 1075 4749 Dauid,
1100 4692 1169 4738 cum
1193 4674 1331 4737 esuriret
1354 4670 1432 4752 ipse,
1456 4675 1489 4733 et
1512 4668 1565 4749 qui
1588 4686 1657 4732 cum

360 4795 398 4840 eo
421 4778 536 4842 erant?
569 4781 598 4848 4.
623 4778 786 4854 Quomodo
809 4782 943 4846 intrauit
967 4780 998 4845 iu
1023 4780 1147 4845 domum
1178 4779 1229 4843 dei
1253 4782 1288 4842 et
1308 4794 1407 4860 panes
1430 4772 1658 4857 propositionis

359 4886 497 4964 sumpsit
518 4891 551 4948 et
573 4886 776 4951 manducauit
798 4894 833 4951 et
856 4886 945 4950 dedit
956 4885 1013 4967 eis,
1036 4886 1089 4966 qui
1106 4903 1212 4951 secum
1229 4889 1330 4963 eraut,
1355 4900 1434 4965 quos
1456 4898 1518 4945 non
1541 4876 1658 4943 licebat
