3625 5775
346 548 388 619 72
716 546 902 621 Euangeliou:
922 546 1072 607 meandum
1090 548 1258 610 iohannem.
1369 539 1373 547 ’
1552 548 1582 607 G.
1607 556 1638 607 18

344 761 420 829 Ιίιιι
443 760 624 829 interficere
646 780 845 845 quemquam,
869 765 921 830 32.
946 769 981 831 ut
1004 780 1107 829 sermo
1130 761 1208 829 Jesu
1232 762 1411 844 impleatur,
1433 781 1528 845 quem
1550 764 1640 847 dixit,

344 865 536 952 significans,
559 885 622 949 qua
645 872 746 932 morte
770 874 957 934 moreretur.
992 870 1044 933 33.
1068 868 1218 934 lntroiuit
1247 886 1324 949 ergo
1355 868 1470 933 iterum
1492 869 1525 932 in
1549 887 1639 950 prae·

343 972 461 1037 lorium
484 972 606 1037 Pilatus
629 978 661 1039 at
684 972 813 1037 uocauit
833 970 946 1037 Jesnm
968 978 1002 1037 et
1020 972 1102 1037 dixit
1125 972 1189 1037 illi:
1211 972 1261 1037 'Pu
1282 988 1318 1037 es
1340 990 1397 1037 rex
1419 972 1641 1039 ludaeorum?

343 1076 395 1142 34.
418 1076 596 1159 Respondit
618 1075 731 1142 lesos:
763 1076 791 1141 Α
814 1078 986 1160 temetipso
1010 1083 1046 1144 tu
1067 1076 1129 1141 hcc
1150 1078 1242 1156 dicis,
1265 1097 1307 1142 an
1330 1078 1385 1143 alii
1407 1078 1466 1143 tihi
1489 1079 1640 1144 dixerunt

343 1180 382 1245 de
413 1181 487 1245 mel
523 1182 574 1248 35.
599 1181 777 1262 Respondit
800 1182 940 1249 Pilatus:
974 1182 1136 1263 Numquid
1160 1199 1220 1265 ego
1242 1181 1386 1249 ludaeos
1408 1184 1506 1249 sam?
1550 1182 1639 1249 Gens

342 1289 398 1350 tua
420 1291 453 1351 ιι
477 1287 624 1369 princeps
648 1286 850 1352 sacerdotum
875 1288 1079 1353 tradiderunt
1099 1292 1133 1352 tc
1156 1287 1245 1365 mihi,
1268 1288 1346 1369 quid
1362 1286 1493 1355 iecisti?
1514 1290 1566 1356 36.
1580 1287 1638 1353 Re-

343 1390 473 1471 spondit
494 1390 607 1465 Jesus:
640 1390 784 1472 Regnum
817 1408 921 1457 meum
945 1410 1007 1457 non
1038 1398 1089 1456 est
1110 1390 1151 1456 de
1173 1392 1291 1456 mundo
1315 1392 1384 1473 hoc,
1408 1392 1437 1458 si
1459 1392 1500 1459 de
1521 1394 1640 1458 mundo

342 1494 402 1559 hoc
425 1500 510 1561 esset
540 1514 672 1576 regnum
705 1514 818 1575 meum,
850 1497 987 1561 ministri
1018 1497 1081 1561 mei
1105 1496 1317 1578 decertarent,
1348 1502 1385 1563 ut
1407 1516 1469 1563 nan
1491 1499 1637 1564 traderer

342 1598 493 1681 Judaeis;
527 1619 609 1665 nunc
632 1604 736 1665 autem
762 1619 893 1683 reguum
925 1620 1026 1667 mcum
1050 1616 1114 1665 non
1137 1605 1188 1665 est
1211 1600 1293 1665 lrinc.
1339 1602 1391 1666 37.
1417 1602 1508 1667 Dixit
1530 1603 1640 1686 itaque

342 1708 371 1771 ei
395 1706 533 1771 Pilatus:
568 1705 653 1788 Ergo
676 1724 731 1770 rex
761 1725 796 1773 es
819 1706 877 1771 tul
915 1706 1094 1788 Respondit
1115 1703 1229 1771 Jesus:
1273 1705 1322 1770 'l'u
1351 1706 1443 1785 dicis,
1476 1708 1551 1789 quia
1583 1726 1639 1772 ren

341 1830 413 1877 sum
436 1829 511 1893 ego;
546 1829 605 1893 ego
636 1808 758 1876 adhoc
781 1816 875 1876 natus
899 1830 980 1890 sum,
1011 1814 1045 1875 ιι
1066 1811 1108 1876 ad
1133 1810 1191 1875 hoc
1213 1810 1288 1875 ueni
1312 1812 1345 1874 in
1367 1811 1452 1877 hunc
1474 1813 1637 1893 mundum,

341 1921 377 1982 ut
399 1914 615 1982 testimenium
639 1916 824 1999 perhibeam
848 1916 999 1993 ueritati:
1030 1916 1143 1993 omnis,
1166 1917 1221 1998 qui
1244 1922 1296 1981 est
1318 1934 1357 1981 ex
1381 1917 1526 1995 ueritate,
1549 1918 1639 1982 audit

340 2040 450 2088 uocem
485 2041 598 2088 meum.
643 2022 695 2088 33.
719 2020 806 2085 Dicit
829 2021 857 2085 ci
882 2021 1022 2085 Pilatus:
1060 2020 1137 2101 quid
1159 2026 1209 2085 est
1230 2019 1376 2085 ueritas?
1421 2019 1557 2086 Etcum
1579 2021 1638 2085 hoc

341 2128 484 2201 dixisset.
514 2128 632 2193 iterum
662 2126 763 2191 exiuit
786 2126 826 2190 ad
849 2124 992 2191 ludaeos
1014 2131 1047 2190 et
1070 2125 1149 2191 dicit
1170 2126 1235 2191 eis:
1275 2123 1344 2207 Ego
1367 2123 1486 2189 nullam
1510 2126 1637 2190 inuenio

341 2232 372 2296 in
396 2252 433 2299 ιο
458 2250 595 2298 causam.
641 2233 692 2297 39.
717 2231 776 2295 Ειι
800 2236 906 2297 autem
939 2230 1136 2295 consuetudo
1159 2228 1262 2305 uobis,
1299 2233 1334 2293 ut
1356 2248 1453 2295 unum
1480 2230 1638 2295 dimittam

339 2338 372 2401 in
395 2336 513 2419 pascha
535 2337 644 2415 uobis3
679 2353 756 2415 ergo
781 2334 937 2400 dimittam
969 2334 1061 2399 uobis
1089 2352 1199 2416 regem
1223 2332 1443 2399 ludaeorum?
1486 2336 1538 2401 40.
1564 2330 1637 2398 Gla-

340 2448 507 2507 mauerunt
544 2460 619 2523 ergo
650 2456 777 2506 omnes:
818 2437 887 2504 Non
920 2440 1013 2517 hunc,
1037 2440 1095 2505 sed
1126 2438 1310 2513 Rarahban;
1346 2446 1415 2505 erat
1444 2446 1551 2505 autem
1577 2440 1636 2504 Ra-

339 2544 455 2613 rabbas
478 2546 571 2613 latro.

439 2752 540 2823 xlx.
570 2758 595 2821 l.
618 2756 707 2822 Tnnc
742 2774 817 2837 ergo
848 2753 1059 2836 adprehendit
1082 2754 1204 2820 Pilatus
1225 2756 1335 2821 Jcsum
1371 2761 1405 2821 ιι
1426 2754 1561 2839 flagellis
1584 2774 1635 2821 ce·

340 2862 433 2943 cidit;
464 2864 493 2928 2.
518 2866 550 2928 et
581 2862 699 2929 milites
730 2866 875 2928 ornatam
906 2878 1055 2925 coronam
1086 2860 1126 2924 de
1156 2861 1258 2942 spinis
1288 2862 1509 2942 imposuerunt
1538 2861 1636 2944 capiti

338 2969 408 3034 eius
430 2973 463 3033 et
494 2974 613 3034 uestem
638 2985 832 3052 purpuream
856 2966 1138 3030 circumdederunt
1172 2985 1254 3045 eum,
1289 2967 1318 3031 3.
1343 2973 1377 3032 ιι
1398 2966 1571 3032 ueniebant
1593 2967 1632 3032 ad

338 3091 409 3138 eum
433 3078 465 3141 et
488 3074 653 3140 dicebaut:
678 3073 769 3140 Hebe
793 3090 847 3136 ren
870 3070 1078 3148 ludaeorum,
1102 3075 1137 3134 ct
1158 3070 1278 3136 debant
1299 3073 1329 3136 ei
1354 3072 1484 3154 palmas.
1515 3074 1547 3137 4.
1572 3072 1634 3136 En·

337 3178 397 3244 iuit
419 3180 527 3262 itaque
558 3179 681 3245 Pilatus
704 3177 781 3242 foris
804 3183 838 3242 ιι
860 3176 938 3240 dicit
960 3174 1023 3241 eis:
1062 3193 1136 3239 ecce
1168 3176 1293 3241 adduco
1315 3195 1387 3240 euin
1423 3178 1516 3243 uobis
1538 3177 1633 3252 laras,

337 3290 372 3348 ut
396 3283 604 3366 cognoscatis,
628 3285 703 3367 quia
726 3301 787 3348 non
810 3280 940 3346 inuenio
964 3298 1092 3344 causam
1114 3280 1146 3344 in
1170 3299 1219 3346 ιο.
1249 3283 1281 3347 5.
1306 3282 1416 3348 Exiuit
1438 3301 1515 3364 ergo
1536 3281 1633 3347 Jesos

336 3388 423 3456 foras
457 3388 576 3454 habens
606 3389 749 3468 spineam
781 3405 928 3454 coronam
958 3391 991 3451 et
1025 3405 1220 3469 purpureum
1251 3387 1476 3453 uestimentum
1498 3391 1532 3452 ιι
1553 3388 1634 3453 dixit

337 3495 401 3558 eis:
425 3493 509 3558 Ecce
531 3496 634 3558 homa.
665 3491 695 3556 6.
722 3491 801 3557 Cum
824 3511 901 3576 ergo
926 3492 1082 3556 uidissent
1105 3511 1177 3556 euru
1200 3491 1351 3575 princeps
1373 3475 1575 3558 sacerdotnm
1598 3499 1632 3558 ιι

338 3598 484 3675 ministri,
508 3597 704 3664 clamabant:
730 3595 889 3677 crucifige,
914 3593 1065 3676 crucifige
1088 3613 1169 3660 eum.
1216 3596 1304 3661 Dicit
1326 3598 1373 3662 eis
1397 3597 1536 3663 Pilatus:
1576 3598 1634 3664 hc·

337 3702 433 3784 cipite
463 3719 533 3765 eum
563 3717 621 3765 uos
652 3707 684 3766 ιι
708 3699 899 3783 crucifigite:
936 3720 995 3783 ego
1025 3702 1108 3765 enim
1132 3720 1193 3766 non
1222 3702 1350 3766 inuenio
1380 3719 1509 3768 causam
1531 3703 1563 3766 in
1585 3721 1632 3768 eo.

338 3807 366 3870 l.
403 3805 651 3888 Responderunt
681 3805 813 3872 Judaei:
852 3805 919 3870 Nos
949 3806 1052 3885 legem
1083 3804 1247 3890 habemus,
1279 3812 1312 3871 et
1334 3808 1507 3872 secuudum
1530 3807 1632 3889 legem

335 3909 430 3976 dehet
453 3911 542 3988 mori,
574 3911 649 3991 quia
672 3909 771 3975 filiurn
796 3929 830 3975 se
855 3909 907 3975 dei
938 3909 1023 3976 lecit.
1068 3912 1099 3975 8.
1124 3909 1204 3976 Gom
1234 3930 1311 3993 ergo
1342 3911 1487 3978 audisset
1509 3913 1633 3979 Pilatus

335 4015 420 4080 hunc
450 4033 636 4095 sermonem,
666 4017 769 4096 magis
799 4015 916 4093 timuit,
946 4015 976 4079 9.
1000 4021 1033 4080 ιι
1056 4015 1203 4081 introiuit
1231 4017 1263 4081 in
1286 4017 1482 4097 praetorium
1513 4017 1633 4083 iterum

336 4126 368 4187 et
392 4119 473 4185 dixit
495 4119 535 4184 ad
558 4118 687 4186 Jesum:
712 4119 806 4185 Unde
830 4139 865 4186 es
889 4120 948 4185 tu?
970 4120 1067 4186 lesus
1090 4139 1167 4186 uero
1184 4139 1369 4204 responsum
1394 4141 1456 4188 uon
1479 4123 1569 4189 dedit
1590 4125 1630 4188 ei.

338 4229 385 4291 10.
413 4225 498 4291 Dicit
520 4243 595 4305 ergo
618 4226 647 4290 ei
673 4223 808 4290 Pilatus:
850 4225 932 4291 Mihi
965 4243 1027 4290 non
1059 4225 1222 4308 loqueris?
1255 4228 1369 4309 nescis,
1399 4229 1547 4309 quoniam
1576 4247 1631 4311 po·

334 4335 483 4396 testatem
506 4328 607 4394 haheo
623 4327 807 4411 crucifigere
823 4337 855 4396 te
870 4336 903 4396 ιι
921 4335 1113 4413 potestatem
1129 4331 1230 4396 habeo
1248 4333 1409 4399 dimittere
1430 4333 1488 4398 te?
1508 4337 1555 4398 ll.
1571 4333 1632 4398 Re·

335 4435 464 4517 spondit
485 4432 598 4500 Jesus:
623 4433 694 4499 Non
717 4435 851 4500 haberes
876 4440 1066 4518 potestatem
1089 4437 1247 4503 aduersus
1269 4455 1320 4501 me
1337 4438 1443 4514 ullam,
1467 4439 1529 4504 nisi
1544 4444 1632 4504 esset

333 4541 391 4606 tibi
415 4539 490 4604 data
520 4539 673 4622 desuper;
708 4545 878 4623 propterea
909 4541 964 4624 qui
994 4541 1130 4607 tradidit
1158 4541 1302 4622 metiti,
1334 4545 1435 4610 maius
1465 4549 1630 4625 peccatam

334 4645 439 4711 habet.
466 4647 514 4712 12.
531 4645 656 4710 Rninde
681 4645 858 4726 quaerebat
881 4645 1042 4712 dimittere
1065 4665 1147 4712 enm.
1171 4647 1291 4712 Judaei
1312 4653 1419 4713 autem
1441 4647 1630 4722 clamabant,

333 4747 491 4816 dicentes:
517 4749 550 4816 Si
573 4748 657 4816 hunc
680 4751 831 4833 dimittes,
854 4770 918 4815 non
941 4770 976 4818 es
991 4753 1111 4819 amicus
1129 4753 1276 4819 caesaris.
1301 4752 1423 4833 Omnis,
1446 4755 1499 4836 qui
1522 4771 1630 4837 regam

333 4851 410 4922 lacit
433 4873 477 4936 sc,
501 4855 691 4922 contradicit
714 4858 846 4922 caesari.
895 4860 944 4923 13.
970 4857 1091 4926 Pilatus
1115 4877 1200 4942 crgo,
1224 4877 1295 4924 cum
1319 4859 1463 4925 audisset
1484 4858 1542 4925 hos
1565 4877 1629 4924 ser·
