3625 5775
188 509 216 563 C.
237 517 261 563 4.
559 508 740 577 Erraagelium
759 508 907 563 secuudum
930 509 1093 563 iohannem.
1446 515 1488 579 49

187 720 404 787 14414444444444
439 720 599 787 credimus
622 720 669 799 ei·,
706 721 767 801 ipsi
790 720 873 785 enim
909 720 1094 787 audiuimus
1116 727 1151 786 et
1174 724 1302 803 scimus,
1326 723 1400 805 quia
1437 725 1489 789 hic

188 832 238 891 est
261 842 336 890 uere
360 825 504 891 saluatur
534 824 654 889 mnudi.
677 826 730 891 43.
754 825 830 889 Post
853 823 1116 912 biduumantem
1154 825 1315 908 profectus
1339 832 1390 895 est
1412 829 1488 893 iude

189 932 219 997 in
244 931 430 997 Galilacam.
446 932 496 997 44.
535 931 607 1011 lpse
631 930 714 995 enim
738 928 835 995 Jesus
859 933 997 995 testatus
1019 935 1079 1009 est,
1102 932 1251 1011 quoniam
1274 932 1432 1015 propbeta
1454 935 1487 998 in

189 1037 293 1119 patria
316 1054 373 1100 sua
397 1035 585 1117 dignitatern
610 1054 671 1100 aon
696 1032 802 1101 babet.
847 1036 899 1101 45.
947 1033 1026 1099 Cum
1050 1037 1192 1103 uenisset
1214 1040 1319 1103 autem
1343 1038 1376 1102 iu
1400 1035 1488 1102 Gali·

188 1142 299 1215 laeam,
323 1145 518 1222 exceperunt
540 1158 612 1205 eum
638 1139 783 1213 Galilaei,
808 1138 959 1204 uidentes
981 1140 1095 1218 omnia,
1112 1158 1194 1221 quoe
1215 1140 1294 1206 fecit
1317 1143 1349 1206 iu
1374 1140 1487 1206 Hiera

187 1244 317 1329 solymis
340 1246 371 1309 iu
395 1245 477 1310 diem
502 1244 630 1323 testum,
653 1250 685 1307 et
709 1245 770 1325 ipsi
795 1244 877 1308 euim
901 1244 1099 1309 aduenerant
1121 1246 1153 1309 in
1177 1245 1261 1311 diem
1284 1244 1410 1312 1441444.
1433 1249 1485 1313 46.

187 1350 285 1417 114441
307 1368 383 1430 ergo
407 1351 521 1415 iterum
546 1349 578 1413 iu
603 1348 692 1413 Cana
715 1347 888 1427 Galilaeae,
902 1346 955 1412 nbi
979 1348 1055 1413 lecit
1066 1349 1106 1414 de
1129 1368 1211 1431 aqua
1235 1351 1356 1415 uiuum.
1404 1352 1484 1416 Erat

189 1462 294 1521 autem
318 1456 445 1537 quidam
480 1454 621 1535 regulus,
658 1455 746 1517 cuius
781 1451 864 1518 filius
888 1451 1108 1519 infirmabatur
1130 1456 1163 1519 iu
1188 1452 1386 1520 Calarneum.
1431 1458 1485 1520 41.

187 1560 248 1625 1114
287 1579 357 1625 4444
392 1558 545 1637 audisset,
580 1558 664 1639 qued
687 1556 784 1622 lesus
808 1558 898 1621 uenit
920 1576 959 1621 444
982 1557 1110 1623 Judaea
1132 1559 1164 1623 in
1187 1557 1374 1637 Galilaeam‚
1397 1562 1487 1626 uenit

189 1665 227 1730 ad
253 1665 341 1730 illum
365 1670 397 1728 et
420 1664 554 1745 rogabat
577 1681 658 1746 4444,
682 1666 718 1727 41
733 1662 944 1728 descenderet
966 1666 1000 1727 et
1022 1670 1152 1729 sanaret
1175 1661 1273 1729 filium
1296 1664 1385 1743 eius;
1408 1665 1486 1729 inci-

187 1769 295 1853 piebat
319 1767 407 1833 morl.
453 1770 504 1833 48.
531 1768 621 1833 Dixit
644 1772 749 1833 autem
774 1766 871 1832 lesus
896 1766 936 1831 ad
973 1785 1062 1832 eum:
1086 1768 1147 1833 nisi
1171 1768 1264 1849 signa
1285 1773 1319 1833 et
1341 1769 1486 1853 prodigia

187 1874 344 1954 uideritis,
368 1891 429 1937 non
455 1872 597 1937 creditis.
614 1872 666 1935 49.
705 1872 792 1936 Dicit
815 1872 855 1937 ad
879 1891 951 1936 eum
974 1870 1120 1953 regulus:
1155 1872 1294 1951 domine,
1318 1873 1485 1955 descende,

186 1984 354 2059 antequam
378 1977 534 2042 moriatur
557 1996 646 2059 puer.
693 1977 742 2043 50.
783 1976 839 2041 411
861 1976 909 2041 4114
931 1976 1046 2043 lesus:
1070 1976 1162 2056 uado,
1186 1975 1368 2044 1414441444
1392 1980 1484 2044 uiuit.

187 2083 228 2149 Et
251 2081 574 2148 44·4444411444444114
598 2080 706 2161 uerbo,
730 2082 815 2163 quod
838 2079 975 2148 diritilli
998 2081 1104 2161 Jesus,
1128 2082 1331 2147 4141444151.
1355 2082 1485 2164 Iamque

186 2190 255 2271 ipso
279 2186 470 2251 descedente
493 2186 579 2250 serui
603 2190 793 2251 occurerunt
815 2186 909 2251 411441
930 2187 1162 2252 nuntiauerant
1176 2186 1215 2260 ei,
1229 2186 1378 2267 quoniam
1398 2185 1484 2253 filins

187 2296 261 2358 tuus
284 2292 375 2355 uiuit.
400 2290 450 2355 52.
474 2290 691 2373 interrogauit
712 2308 786 2371 ergo
810 2290 918 2355 boram
941 2291 981 2356 ab
1005 2290 1077 2369 illis,
1093 2290 1126 2355 in
1149 2308 1212 2371 qna
1227 2292 1340 2357 melius
1362 2291 1484 2357 babuit

185 2397 227 2461 Et
242 2398 407 2463 dixerunt:
432 2395 500 2461 beri
518 2395 596 2460 14444
612 2396 746 2477 septima
771 2394 907 2475 reliquid
929 2395 1020 2460 illum
1043 2394 1219 2461 14544453.
1237 2392 1394 2477 Cognouit
1408 2415 1485 2478 ergo

190 2507 292 2583 pater,
316 2501 463 2583 quoniam
487 2500 543 2564 illa
572 2498 657 2581 bora,
682 2516 745 2580 qua
772 2498 895 2565 dixerat
926 2499 956 2563 ei
978 2499 1095 2565 Jeaus:
1133 2498 1485 2579 4144414444444141

185 2606 322 2671 44444441
344 2606 414 2687 ipse
437 2607 470 2668 et
493 2605 604 2669 domus
627 2604 696 2669 eius
720 2604 880 2670 uniuersa.
913 2605 965 2671 54.
998 2601 1197 2671 Horitarum
1221 2604 1393 2671 secundum
1409 2603 1486 2672 fecit

184 2709 281 2777 14444
304 2710 427 2792 signum
451 2710 585 2775 ueniens
609 2707 851 2775 4414444444
875 2708 1060 2775 Galilaeam.
1524 2723 1528 2729 ’

289 2920 336 2989 V.
362 2925 390 2988 l.
422 2921 498 2988 Post
520 2921 599 2986 baec
622 2927 691 2986 erat
715 2920 783 2987 dies
807 2919 909 2986 festus
931 2918 1138 3000 ludaeorum,
1164 2925 1197 2986 41
1218 2921 1363 2986 aseendit
1385 2917 1483 2987 Jesn‘s

184 3027 415 3108 Hierosolymis
472 3029 501 3091 2.
526 3025 557 3090 44
582 3025 760 3090 interiorem
795 3031 916 3106 partem
940 3023 1119 3091 natatoriae
1146 3025 1296 3107 piscinae,
1331 3044 1412 3107 quae
1435 3027 1484 3091 di-

184 3133 266 3198 citur
289 3131 446 3196 Hebraico
469 3131 611 3209 Betzeta,
637 3131 775 3212 quinque
799 3130 941 3210 porticus
963 3127 1094 3196 14414444.
1129 3133 1160 3198 3.
1184 3130 1221 3194 14
1242 3130 1294 3197 1444
1316 3131 1483 3198 decumbe·

184 3237 260 3303 bant
275 3235 387 3304 turbae
404 3233 608 3313 infirmorum,
628 3253 805 3314 caecorum,
823 3234 1017 3313 claudorum,
1031 3233 1202 3319 aridorum,
1226 3235 1483 3319 paralyticorum,

185 3341 421 3424 expectantium
446 3359 547 3422 aquae
563 3344 691 3404 motum.
715 3341 746 3406 4.
770 3339 911 3420 Angelus
934 3344 1040 3404 autem
1060 3340 1274 3408 descendebat
1289 3347 1323 3406 et
1335 3343 1484 3408 monebat

184 3464 306 3528 aquam.
330 3445 373 3511 Et
395 3446 574 3528 quicunque
590 3445 678 3525 prior
701 3444 915 3510 descendebat
930 3444 962 3507 in
977 3444 1148 3524 natatoria,
1171 3463 1267 3511 sanus
1289 3444 1385 3512 fiebat
1407 3466 1483 3528 qua-

185 3569 318 3633 cumque
341 3551 509 3616 tenebatur
540 3547 734 3614 infirmitate.
758 3549 788 3614 5.
813 3548 892 3612 Erat
913 3552 1020 3614 autem
1044 3547 1087 3614 ibi
1109 3548 1203 3615 homo
1226 3549 1325 3616 XXX.
1348 3554 1382 3616 et
1396 3551 1482 3618 Vlll.

184 3675 283 3722 44444
305 3656 426 3721 14414444
451 3656 482 3719 44
509 3652 734 3718 infirmitatem.
759 3655 786 3718 6.
812 3651 905 3716 Η444
928 3658 964 3718 41
987 3653 1354 3741 4444114444444441444,
1377 3658 1483 3722 aciens

184 3763 267 3844 quod
291 3763 354 3827 iam
377 3760 509 3826 multam
533 3756 686 3840 temporis
710 3756 867 3836 babuerit,
891 3757 938 3822 441
960 3756 1022 3822 4111;
1054 3757 1114 3823 Uis
1132 3775 1230 3824 sanus
1252 3758 1332 3824 fieri.
1368 3761 1397 3825 7.
1421 3761 1483 3827 Re-

184 3867 313 3948 spondit
336 3865 381 3931 illi
398 3863 541 3929 infirmus
555 3869 588 3928 et
601 3862 697 3928 dixit:
723 3861 858 3944 domine,
883 3859 1039 3926 bominem
1056 3881 1119 3930 non
1134 3864 1247 3943 habeo,
1265 3869 1300 3930 41
1314 3883 1385 3932 cum
1398 3871 1483 3932 mota

186 3971 281 4038 144441
293 3983 384 4056 aqua,
408 3971 515 4035 mittat
534 3987 584 4032 me
605 3969 635 4032 in
649 3967 819 4048 piscina1n;
845 3967 920 4031 dum
933 3966 1015 4031 euim
1040 3987 1099 4048 ego
1121 3971 1225 4046 uenio,
1252 3969 1420 4036 alteraute
1433 3989 1483 4036 me

185 4079 359 4144 descendit.
384 4078 412 4142 8.
430 4076 485 4140 Ait
508 4074 555 4138 illi
578 4073 693 4139 Jesns:
718 4089 813 4152 surge
837 4077 869 4136 et
891 4071 970 4137 tolle
991 4073 1173 4154 grabattum
1193 4079 1279 4140 tuum
1296 4080 1329 4141 et
1344 4075 1480 4142 ambula.

184 4184 212 4248 9.
236 4182 279 4246 Et
300 4182 408 4248 4141144
434 4199 531 4248 44444
554 4179 657 4246 144144
678 4181 728 4244 441
743 4177 835 4244 bomo
859 4176 924 4258 ille,
948 4181 981 4241 et
997 4181 1137 4244 surrexit
1152 4184 1185 4245 41
1200 4179 1332 4246 sustulit
1354 4180 1480 4264 grabat-

183 4293 248 4352 tum
272 4305 363 4352 suum
387 4291 419 4352 et
442 4283 633 4350 ambulabat.
673 4283 751 4348 Erat
775 4286 881 4348 autem
905 4281 1070 4347 sabbatum
1095 4284 1127 4349 iu
1149 4282 1206 4348 illa
1227 4284 1289 4350 die.
1316 4285 1363 4350 10.
1388 4285 1480 4350 Dice-

184 4391 258 4458 bant
282 4409 358 4474 ergo
382 4389 499 4456 Judaei
525 4390 582 4471 illi,
607 4389 659 4470 qui
684 4393 813 4454 curatus
836 4385 955 4451 luerat:
985 4387 1158 4455 Sabbatum
1181 4395 1242 4470 441,
1265 4395 1297 4454 et
1319 4409 1382 4454 uon
1404 4389 1482 4456 licet

182 4497 240 4565 tibi
262 4497 377 4563 tollere
401 4496 580 4580 grabattum
594 4499 692 4560 tuum.
727 4495 775 4558 11.
803 4491 981 4573 Respondit
1003 4491 1067 4558 illis
1090 4493 1216 4560 diceus:
1249 4494 1310 4574 Qui
1333 4495 1410 4561 lecit
1430 4514 1481 4562 me

181 4619 299 4686 sanum,
323 4603 392 4684 ipse
414 4600 490 4664 mibi
518 4601 615 4666 dixit:
639 4599 728 4664 Tolle
752 4595 934 4680 grabattum
957 4602 1047 4662 tunm
1062 4603 1094 4664 et
1110 4598 1246 4665 ambula.
1272 4597 1481 4666 Idiotismos

181 4713 285 4772 autem
309 4707 482 4780 nesciebat,
507 4707 577 4786 quis
601 4710 696 4774 esset.
723 4702 818 4767 lesus
843 4702 926 4766 eninr
949 4703 1056 4767 atatim
1080 4704 1229 4783 deuertit,
1253 4722 1322 4770 cum
1345 4705 1482 4771 uidisset

180 4810 304 4884 turbam
328 4809 360 4874 in
384 4809 437 4875 illo
460 4809 539 4874 loco.
589 4809 636 4872 14.
673 4807 749 4872 Post
780 4804 857 4870 baec
884 4804 1008 4870 inuenit
1029 4824 1100 4872 4444
1122 4808 1219 4876 14444
1248 4807 1424 4889 intemplo
1447 4813 1481 4874 et

1306 4937 1322 4984 4
