3625 5775
350 515 411 580 123
753 509 933 578 Euangelium
954 508 1102 564 secundum
1122 507 1253 564 blancum.
1572 515 1592 568 C
1622 523 1646 568 u.

345 721 434 788 solus
450 720 482 786 in
494 728 580 785 terra
613 722 666 788 48.
681 721 724 785 Et
740 739 810 784 eum
827 719 955 785 uideret
970 721 1042 786 illos
1059 721 1252 803 remigantes
1267 727 1300 788 et
1317 721 1500 789 laborantes
1516 729 1648 804 (uentus

344 831 451 890 autem
469 826 532 890 illis
548 826 726 890 contrarius
749 827 832 905 erat)
854 826 940 890 eirca
962 831 1106 906 quartam
1130 833 1238 891 autem
1264 825 1405 908 uigiliam
1429 827 1532 892 noctis
1556 829 1648 893 uenit

344 930 512 996 ambulans
534 949 632 1012 snpra
654 948 741 995 mare
765 936 798 993 et
822 929 950 994 nolebat
973 931 1151 1012 praeterire
1174 949 1239 996 eos.
1274 934 1325 996 49.
1350 931 1399 995 hd
1424 930 1470 995 illi
1495 936 1530 997 ut
1554 931 1647 998 uide-

345 1038 420 1098 runt
441 1054 513 1100 eum
537 1033 750 1098 ambulantem
763 1051 970 1115 supremare,
995 1041 1189 1115 putauerunt
1212 1033 1369 1100 fantasma
1392 1053 1463 1100 esse
1485 1041 1518 1100 et
1540 1037 1646 1102 excla-

345 1144 516 1203 mauerunt
548 1157 667 1218 enarres,
705 1140 757 1204 50.
791 1145 824 1204 et
847 1138 1027 1204 conturbati
1064 1149 1148 1218 sunt,
1184 1145 1217 1203 et
1242 1139 1410 1204 confestim
1445 1140 1572 1206 loeutus
1594 1147 1648 1208 est

345 1243 547 1307 illisdiccns:
573 1242 766 1309 Constantes
787 1246 900 1319 estete,
926 1262 984 1323 ego
1000 1261 1079 1321 sum,
1104 1243 1202 1308 nolite
1219 1242 1341 1308 timere.
1367 1247 1419 1310 bl.
1444 1245 1486 1309 Et
1500 1245 1648 1311 ascendit

344 1348 384 1411 ad
408 1365 464 1411 eos
488 1347 518 1410 in
542 1347 719 1412 nauiculam
755 1352 787 1412 et
810 1347 952 1412 cessauit
986 1351 1110 1412 uentus
1144 1347 1187 1411 Pu
1209 1347 1424 1412 abundantius
1448 1349 1530 1412 intra
1554 1367 1589 1412 se
1613 1355 1648 1414 et

346 1452 519 1531 stupebant
540 1458 574 1516 et
596 1451 813 1530 uairabantur3
844 1454 895 1518 52.
921 1469 982 1516 non
1006 1450 1090 1516 enim
1116 1451 1339 1516 intellexerant
1355 1453 1395 1516 ile
1419 1453 1567 1532 panibus,
1591 1471 1647 1518 eor

345 1560 451 1620 autem
475 1553 601 1620 illorum
632 1555 781 1620 obtusum
804 1561 883 1621 erat.
919 1557 971 1622 53.
1003 1554 1046 1620 Et
1069 1553 1313 1621 transfretantes
1336 1555 1410 1621 iude
1433 1562 1590 1622 uenerunt
1613 1556 1645 1621 in

344 1665 462 1748 terram
485 1659 662 1724 Gennesar.
686 1661 737 1724 54.
760 1659 804 1724 lut
826 1677 897 1723 enm
921 1661 1063 1725 exissent
1086 1660 1124 1724 de
1148 1659 1230 1736 naui,
1246 1660 1399 1725 continuo
1423 1667 1648 1742 cognouerunt

344 1763 449 1842 illum;
483 1763 534 1831 bb.
559 1769 593 1829 et
621 1763 740 1830 circum
773 1771 940 1830 currentes
972 1765 1155 1829 uniuersam
1188 1763 1342 1830 confinem
1372 1765 1511 1845 regionis
1547 1766 1643 1831 illius

344 1873 520 1949 coeperunt
553 1869 583 1933 in
608 1867 765 1951 grabattis
796 1869 923 1934 aefterre
953 1887 1061 1934 ornnes
1086 1869 1168 1933 male
1192 1867 1355 1948 habentes,
1380 1869 1648 1936 circumferebant

344 1979 450 2040 autem
482 1973 564 2050 illos,
597 1975 788 2056 ubicumque
817 1974 991 2040 audiebant
1009 1993 1080 2040 esse
1111 1973 1232 2040 lesum.
1263 1974 1314 2040 citi.
1346 1971 1390 2038 Et
1423 1975 1647 2056 quodcumque

343 2080 406 2143 iret
418 2078 450 2142 in
466 2077 616 2152 castellis,
639 2078 690 2143 uel
708 2079 803 2158 uillis,
816 2078 866 2144 uel
884 2078 1080 2157 ciuitatibus,
1096 2079 1129 2144 in
1146 2078 1272 2160 plateis,
1290 2074 1450 2160 ponebant
1477 2078 1646 2145 uniuersos

344 2191 378 2249 et
394 2182 543 2265 infirmos,
567 2188 600 2248 et
616 2183 774 2266 rogabant
789 2203 871 2266 eum,
888 2189 924 2248 nt
941 2183 992 2247 uel
1009 2181 1163 2248 fimbriam
1180 2183 1363 2250 aestimanti
1379 2184 1448 2248 eius
1465 2190 1645 2265 tangerent,

345 2289 590 2370 etquicunque
614 2289 797 2371 tangebant,
820 2287 903 2354 salui
928 2285 1056 2354 fiebant.

448 2495 529 2566 vll.
559 2504 584 2564 l.
609 2499 652 2564 Et
675 2504 892 2564 conuenerunt
916 2497 956 2562 ad
980 2515 1050 2562 eum
1070 2495 1229 2562 Pharisaei
1254 2501 1286 2560 et
1310 2497 1437 2578 quidam
1463 2498 1502 2562 de
1518 2497 1646 2574 scribis,

344 2601 397 2682 qui
421 2607 579 2669 uenerant
600 2603 640 2668 ab
664 2602 906 2684 Hierosolymis.
932 2605 961 2666 2.
987 2600 1064 2666 Cum
1083 2600 1230 2666 uiderent
1245 2603 1398 2681 quosdam
1422 2619 1459 2668 ex
1476 2601 1646 2685 discipulis

343 2707 414 2771 eius
428 2724 491 2770 uon
505 2705 580 2771 lotis
593 2706 738 2771 manibus
751 2707 945 2771 manducare
970 2723 1091 2786 panem.
1116 2708 1146 2772 3.
1172 2704 1335 2772 Pharisaei
1360 2711 1513 2772 autemst
1534 2725 1646 2772 omues

343 2811 471 2894 ludaei,
493 2811 555 2876 uisi
579 2811 715 2876 subinde
738 2810 879 2876 laueriot
902 2829 1024 2889 manus,
1058 2829 1119 2876 non
1144 2811 1337 2876 manducant
1356 2829 1468 2893 panem
1494 2815 1645 2876 tenentes

343 2916 547 2983 traditionem
578 2918 750 2982 seniorum.
782 2918 813 2981 4.
846 2914 889 2980 Et
913 2936 931 2981 a
954 2916 1023 2981 foro
1057 2917 1310 2995 salutassemus,
1346 2916 1407 2980 nisi
1430 2915 1644 2997 baptizentur,

345 3019 449 3086 cibum
473 3040 534 3085 non
566 3022 698 3103 capiunt
720 3026 753 3086 et
775 3020 839 3087 alia
870 3021 972 3086 multa
1003 3026 1088 3099 suut,
1119 3038 1201 3101 quae
1232 3026 1424 3101 acceperunt
1455 3026 1576 3100 tenere,
1607 3028 1646 3087 ut

343 3126 508 3208 baptizent
536 3124 652 3193 calices
676 3132 708 3191 et
731 3144 845 3192 urceos
877 3131 910 3191 et
932 3130 1115 3191 aeramenta
1147 3132 1179 3191 et
1203 3126 1311 3190 lectos.
1347 3129 1377 3189 5.
1403 3122 1445 3190 Et
1468 3126 1645 3207 interroga·

342 3230 420 3294 bant
453 3249 523 3295 eum
556 3230 719 3295 Pharisaei
743 3238 775 3294 ot
805 3228 945 3295 scribae:
987 3230 1094 3307 Quare
1126 3228 1276 3312 discipuli
1307 3230 1355 3294 tui
1386 3247 1448 3294 nen
1479 3229 1646 3299 ambulant

342 3334 518 3400 seeundum
548 3334 753 3400 traditionem
784 3334 956 3410 seniorum,
988 3335 1042 3399 sed
1067 3334 1177 3400 inlotis
1208 3334 1353 3399 manibus
1383 3334 1482 3398 edunt
1505 3336 1644 3417 panesa?

342 3442 371 3505 6.
404 3437 453 3503 hd
486 3437 540 3503 ille
574 3440 771 3521 respondens
801 3437 900 3505 clixit:
937 3438 1091 3516 Quoniam
1127 3438 1207 3505 bene
1238 3440 1443 3522 prophetauit
1465 3438 1578 3504 Esaias
1602 3440 1645 3504 de

343 3544 444 3623 uobis,
475 3543 661 3625 hypocritis,
692 3544 747 3625 qui
770 3545 868 3609 dixit:
900 3544 994 3627 palebs
1015 3544 1095 3609 haec
1117 3544 1211 3609 labiis
1234 3562 1285 3609 me
1308 3544 1423 3625 diligit,
1459 3563 1512 3609 eor
1535 3550 1644 3611 autem

343 3667 451 3713 eornm
476 3648 569 3731 longe
592 3655 679 3713 esta
701 3668 760 3713 me.
786 3651 815 3715 f.
840 3649 915 3714 Sine
939 3668 1036 3717 carisa
1060 3654 1165 3715 autem
1188 3668 1238 3714 me
1261 3650 1371 3715 colunt
1393 3650 1545 3713 docentes
1568 3649 1644 3714 doc-

343 3754 445 3819 trinas
468 3759 641 3835 praecepta
664 3754 834 3819 hominum.
870 3755 899 3820 8.
926 3754 1104 3838 Paptismos
1129 3756 1269 3819 catinum
1293 3757 1325 3819 et
1352 3752 1505 3818 orciolum
1522 3756 1555 3815 et
1578 3752 1645 3822 alia

344 3857 460 3922 similia
482 3858 582 3921 inulta
605 3856 788 3924 huiusmodi
811 3858 928 3939 facitis,
952 3858 1064 3925 relicto
1088 3865 1263 3942 praecepto
1287 3860 1347 3939 dei,
1372 3864 1519 3923 tenentes
1541 3858 1644 3922 tradi-

343 3963 446 4027 tiones
469 3960 639 4027 hominom.
677 3965 707 4029 a.
731 3962 775 4028 Et
798 3962 924 4029 dicebat
949 3964 1028 4030 illis:
1065 3966 1146 4029 bene
1170 3966 1297 4031 irritum
1321 3963 1428 4029 facitis
1456 3963 1645 4029 mandatum

344 4066 407 4144 dei,
432 4072 466 4131 nt
490 4066 694 4132 traditionem
712 4070 851 4133 nestram
868 4069 1027 4134 statuatis.
1059 4070 1106 4133 10.
1132 4068 1260 4153 nloyzes
1278 4074 1382 4134 autem
1402 4067 1499 4134 dixit:
1522 4067 1646 4133 honora

344 4176 468 4254 petrem
510 4175 599 4235 tunm
641 4179 674 4235 et
711 4179 846 4237 matrem
882 4179 981 4249 tuam,
1019 4180 1069 4237 et:
1104 4174 1157 4254 qui
1196 4172 1397 4239 maledixerit
1427 4177 1548 4254 patrem
1586 4179 1645 4239 aut

338 4280 487 4355 manem,
509 4275 604 4341 morti
627 4276 790 4343 moriatur.
818 4279 866 4342 ll.
890 4276 958 4343 Uos
982 4282 1089 4343 autem
1107 4275 1232 4343 dicitis:
1256 4277 1289 4343 Si
1306 4277 1424 4343 dixerit
1440 4276 1532 4343 honio
1555 4281 1643 4361 patri

342 4387 399 4447 aot
421 4382 534 4447 matri:
560 4379 686 4448 Corban
710 4382 808 4466 (quod
825 4388 875 4447 est
890 4384 1020 4463 ananus)
1043 4383 1267 4464 quodcumque
1290 4402 1328 4446 ex
1351 4402 1401 4446 me
1417 4382 1475 4447 tibi
1489 4384 1643 4465 proderit,

344 4489 394 4551 12.
418 4487 480 4551 iam
506 4506 568 4552 non
592 4487 757 4553 dimittitis
780 4506 853 4554 euna
876 4488 1044 4569 quicquam
1068 4486 1174 4551 facere
1198 4489 1281 4568 patri
1306 4490 1362 4552 ent
1385 4486 1491 4565 matri,
1523 4488 1567 4553 13.
1593 4489 1642 4553 iu-

344 4590 511 4656 firmautes
545 4592 677 4657 uerbum
701 4592 753 4657 dei
778 4610 835 4674 per
857 4593 1064 4657 traditionem
1101 4596 1239 4657 uestram
1274 4592 1414 4669 stultam,
1449 4610 1542 4673 quam
1576 4597 1645 4657 tra·

346 4694 482 4774 didistis,
506 4703 539 4762 et
562 4697 679 4764 similia
702 4698 765 4762 ista
787 4696 888 4761 multa
911 4696 1028 4762 facitis.
1057 4699 1104 4762 14.
1129 4696 1172 4761 Et
1197 4698 1364 4762 aduocatis
1391 4698 1504 4761 iterum
1527 4698 1644 4779 turbis,

344 4800 474 4865 dicebat
505 4800 583 4867 illis:
622 4801 732 4867 audite
756 4820 805 4866 me
828 4820 938 4867 omnes
963 4808 996 4867 et
1033 4801 1220 4885 intellegite.
1261 4804 1307 4867 lb.
1332 4798 1420 4866 Nihil
1447 4808 1498 4867 est
1521 4802 1645 4870 aforis
