3625 5775
197 537 228 591 C.
248 542 286 589 15.
569 538 749 607 Errangelinnr
771 538 922 593 secundum
941 538 1121 593 Matthaeum.
1454 544 1494 611 21

197 747 290 829 longe
313 755 362 813 est
385 766 404 811 a
427 767 486 813 me.
511 750 540 813 9.
572 748 648 814 Sine
672 767 769 814 causa
792 754 897 815 autem
930 749 1038 815 colunt
1060 768 1121 829 me,
1153 750 1306 816 docentes
1332 751 1495 817 doctrinas

198 861 231 919 et
253 854 402 919 mandata
434 854 603 919 huminum.
638 856 686 920 10.
712 854 754 917 hc
786 854 968 919 conuocatis
997 855 1036 919 ad
1060 873 1096 921 se
1117 855 1221 920 turbis
1251 855 1331 919 dixit
1353 855 1417 922 eis:
1441 874 1496 920 au-

198 958 264 1023 dite
287 976 346 1023 uos
369 964 403 1024 et
425 958 611 1041 intellegite.
640 962 687 1023 ll.
711 957 782 1025 Nun
807 959 891 1040 quod
917 961 1014 1025 intrat
1029 960 1060 1024 in
1082 979 1128 1033 cs,
1152 960 1298 1041 inquinat
1320 960 1495 1038 hominem3

197 1062 252 1127 sed
277 1063 363 1145 quud
379 1064 525 1146 procedit
541 1062 581 1127 de
597 1079 663 1141 ore,
688 1062 907 1147 bucinquinat
931 1063 1098 1129 huminem.
1125 1066 1174 1129 12.
1197 1064 1286 1129 Tunc
1308 1064 1496 1130 accedentes

198 1168 347 1249 discipuli
379 1169 448 1235 eius
479 1168 631 1235 dixerunt
663 1170 709 1233 ei:
735 1169 803 1233 Scis
827 1169 913 1251 quod
941 1168 1085 1235 Farisaei
1114 1170 1225 1235 audita
1248 1206 1289 1214 —
1315 1207 1351 1214 -
1377 1206 1420 1217 -
1442 1189 1496 1235 ue·

197 1277 302 1338 xatur.
327 1275 378 1339 23.
404 1273 452 1338 Ad
477 1272 573 1340 lesus
598 1292 659 1338 non
689 1274 858 1356 respoudit
880 1273 910 1338 ci
936 1274 1076 1339 uerbum.
1116 1274 1159 1338 Et
1181 1273 1370 1340 accedentes
1400 1274 1495 1340 disci-

200 1378 264 1458 puli
300 1378 456 1459 rogabant
485 1396 556 1443 curn
588 1378 744 1444 dicentes:
781 1376 906 1443 dimitte
935 1396 1015 1459 eam,
1047 1378 1124 1460 quia
1145 1380 1289 1461 sequitur
1318 1384 1351 1444 et
1382 1379 1497 1445 clamat

196 1486 269 1563 post
292 1498 358 1546 nos.
392 1482 443 1547 24.
469 1482 541 1565 lpse
565 1488 670 1547 autern
702 1483 901 1564 respondens
925 1483 988 1547 ait:
1020 1482 1091 1547 Non
1115 1502 1185 1549 sum
1215 1484 1332 1549 missus
1362 1483 1425 1549 nisi
1456 1483 1495 1548 ad

198 1604 285 1667 oues,
310 1604 390 1668 quae
422 1586 587 1668 perierunt
609 1585 720 1652 domus
752 1585 898 1651 Istrahel.
934 1586 986 1651 25.
1017 1585 1066 1649 Ad
1091 1584 1145 1649 ille
1177 1588 1309 1652 ueniens
1339 1586 1494 1653 adorabat

198 1709 269 1755 eum
293 1690 417 1755 dicens:
442 1690 561 1755 adiuua
577 1708 636 1767 me,
661 1690 805 1755 duminet
829 1690 880 1756 26.
905 1690 979 1771 Ipse
994 1693 1101 1755 autern
1121 1691 1318 1770 respondens
1341 1693 1402 1759 ait:
1425 1691 1495 1757 Nun

198 1796 275 1860 licet
306 1794 451 1877 accipere
482 1814 596 1877 panem
629 1792 765 1859 liliorum
797 1799 830 1859 et
862 1794 939 1861 dare
968 1795 1109 1859 canibus.
1157 1795 1208 1860 21.
1239 1795 1289 1860 hd
1319 1794 1494 1861 illedixit:

197 1899 319 1981 Utique
343 1899 478 1973 demine,
503 1917 573 1963 nam
600 1904 632 1963 et
656 1899 760 1963 catelli
785 1899 884 1965 edunt
900 1900 939 1963 de
963 1900 1063 1977 micis,
1086 1916 1169 1981 quae
1184 1900 1303 1963 cadunt
1325 1899 1366 1964 de
1390 1918 1497 1965 menen

197 2005 394 2069 dominorum
412 2022 551 2071 sucrum.
577 2006 627 2069 28.
649 2002 737 2069 Tunc
761 2004 960 2084 respondens
983 2003 1080 2067 lesus
1103 2004 1164 2069 ait:
1189 2000 1359 2083 Omulier,
1382 2022 1497 2085 magna

196 2114 246 2173 est
269 2106 350 2173 fides
372 2113 438 2191 tua,
463 2106 519 2172 ilat
542 2108 599 2174 tibi
624 2109 708 2173 sicut
732 2110 791 2192 uis,
815 2113 847 2174 et
870 2113 983 2173 sanata
1007 2114 1057 2172 est
1079 2104 1146 2172 filia
1177 2108 1246 2173 eius
1269 2126 1307 2173 ex
1331 2108 1386 2173 illa
1408 2109 1495 2174 hora.

197 2214 313 2279 23111
343 2232 414 2279 cum
444 2213 613 2278 transisset
645 2213 728 2291 inde,
761 2214 849 2277 uenit
876 2214 992 2279 iterum
1018 2231 1111 2279 secus
1140 2231 1228 2279 mare
1259 2212 1433 2297 Galilaeae,
1465 2219 1498 2277 et

197 2319 374 2383 ascendens
397 2318 428 2383 in
452 2322 559 2383 monte
590 2317 725 2383 sedebat
748 2316 802 2383 ibi.
834 2320 885 2385 30.
911 2318 955 2381 Et
978 2321 1184 2385 accesserunt
1215 2317 1256 2381 ad
1279 2336 1350 2382 eum
1382 2317 1496 2383 turbae

199 2423 353 2488 habentes
377 2440 482 2488 secum
500 2421 618 2501 clodos,
641 2441 763 2501 caecae,
787 2423 919 2505 debiles,
944 2428 1049 2487 mutos
1065 2428 1098 2487 et
1121 2422 1202 2487 alius
1225 2421 1352 2501 multus,
1376 2426 1410 2487 et
1424 2440 1498 2503 pro·

198 2530 344 2592 iecerunt
365 2546 420 2593 eos
443 2528 503 2591 sub
527 2526 624 2608 pedes
649 2529 728 2609 eiuS,
753 2531 786 2593 et
809 2529 937 2593 curauit
956 2545 1012 2593 ecs
1035 2544 1154 2603 omnes,
1178 2529 1230 2592 31.
1254 2526 1301 2591 ita
1322 2532 1359 2591 ut
1381 2527 1496 2593 turbae

198 2632 389 2698 mirarentur
419 2633 566 2698 uidentes
598 2637 701 2696 mutos
733 2631 910 2713 loquentes,
943 2630 1051 2696 clodos
1074 2631 1283 2710 ambulantes,
1315 2650 1426 2697 caecus
1449 2632 1496 2695 ui-

197 2738 319 2816 dentes,
342 2743 375 2802 et
406 2734 649 2818 magnificabant
674 2738 764 2802 deum
798 2736 944 2803 Istrahel.
977 2738 1028 2803 32.
1048 2734 1144 2801 Jesus
1168 2741 1272 2801 autem
1305 2738 1491 2803 conuocatis

197 2842 363 2926 discipulis
386 2844 451 2909 suis
475 2842 571 2908 dixit:
598 2842 754 2908 Misereor·
771 2841 844 2907 huic
867 2842 990 2920 turbae,
1009 2841 1085 2922 quia
1097 2841 1239 2906 triduum
1263 2841 1389 2908 estium
1414 2841 1496 2925 quod

198 2955 406 3030 peruenerant
436 2967 558 3014 mecum
590 2952 623 3012 et
654 2967 717 3014 non
749 2948 868 3012 habent
891 2966 1007 3024 escam,
1038 2953 1072 3012 et
1102 2947 1265 3012 dimittere
1288 2966 1343 3014 ecs
1373 2948 1497 3014 ieiunos

197 3053 279 3130 nolo,
304 3071 342 3118 ne
367 3051 515 3118 deliciunt
546 3055 578 3118 in
602 3053 665 3118 uia.
710 3055 761 3119 33.
787 3053 907 3118 Dicunt
929 3057 1037 3116 autem
1061 3052 1089 3116 ei
1122 3051 1287 3133 discipuli:
1311 3051 1397 3117 unde
1420 3071 1497 3134 ergo

196 3157 289 3223 medo
314 3159 345 3221 in
368 3158 495 3223 dcsertc
529 3179 625 3242 panes
656 3164 776 3242 tantos,
807 3162 844 3223 ut
867 3161 1054 3224 saturentur
1083 3156 1197 3220 turbae
1227 3157 1332 3222 istae?
1370 3157 1421 3222 34.
1453 3157 1498 3222 Et

196 3265 242 3328 ait
264 3262 326 3326 illis
350 3261 465 3328 Jesus':
499 3263 589 3341 Quod
623 3281 722 3345 panes
752 3263 902 3328 habetis?
951 3262 998 3328 hd
1029 3262 1075 3326 illi
1099 3261 1266 3326 dixerant.-
1297 3261 1427 3344 Septem
1465 3268 1498 3327 et

198 3385 315 3448 paucus
339 3369 518 3448 pisciculus.
544 3371 594 3434 31).
619 3368 661 3432 Et
691 3369 852 3450 praecepit
874 3367 988 3432 turbae
1024 3365 1208 3431 recumbere
1238 3384 1337 3450 supra
1366 3372 1496 3431 terram.

198 3473 250 3540 36.
273 3472 317 3536 Et
339 3473 461 3552 accepit
484 3471 581 3537 lesus
606 3471 667 3538 Vll
692 3491 792 3554 panes
815 3480 848 3537 et
870 3473 975 3554 pisces
998 3477 1031 3536 et
1052 3471 1172 3552 gratias
1199 3471 1265 3550 egit
1288 3470 1443 3552 ecfregit
1465 3474 1498 3536 et

198 3577 288 3641 dedit
310 3576 478 3658 discipulis
501 3579 577 3658 suis,
610 3584 642 3644 et
666 3577 813 3660 discipuli
838 3576 996 3642 dederunt
1029 3577 1155 3658 populo.
1178 3577 1230 3642 31.
1262 3575 1305 3640 Ει
1326 3575 1496 3640 manduea-

198 3688 318 3746 uerunt
340 3701 449 3746 omnes
473 3687 505 3747 et
533 3683 668 3748 saturati
693 3689 775 3746 sunt.
800 3682 843 3746 Et
874 3681 957 3762 quod
981 3679 1180 3744 habundanit
1206 3679 1245 3744 de
1275 3678 1421 3761 panibus,
1445 3684 1496 3744 tn·

198 3787 305 3850 lerunt
327 3786 388 3850 Vll
411 3791 535 3868 sportas
559 3786 677 3868 plenas.
707 3789 757 3852 38.
781 3786 883 3850 Erant
906 3786 999 3863 enim,
1022 3785 1078 3866 qui
1100 3785 1381 3863 manducauerant,
1404 3791 1496 3867 quat-

198 3895 271 3956 tuor
294 3892 384 3955 milia
404 3892 563 3956 hominum
596 3897 689 3957 entra
719 3909 835 3972 pueros
858 3896 892 3956 ct
914 3890 1071 3955 mulieres.
1106 3890 1156 3956 39.
1182 3891 1226 3955 Et
1248 3889 1381 3954 dimissa
1402 3889 1498 3954 turba

199 3997 398 4062 ascenditis
423 3996 582 4077 nauicula,
606 4002 638 4062 et
662 3997 751 4062 uenit
775 3998 805 4060 in
830 3995 947 4062 linibus
970 3999 1078 4060 terrae
1101 3994 1266 4077 Magadan.

304 4309 406 4379 XVI.
434 4315 460 4376 l.
493 4312 536 4376 Et
559 4317 763 4377 accesserunt
786 4311 826 4376 ad
849 4330 922 4376 eum
957 4311 1120 4376 Pharisaei
1143 4315 1174 4375 et
1196 4307 1373 4375 Sadducaei
1397 4313 1496 4390 temp-

202 4423 308 4482 tantes
331 4422 365 4480 et
388 4422 580 4500 rogauerunt
603 4436 685 4492 eum,
710 4420 746 4481 ut
769 4415 893 4497 signum
917 4417 957 4480 de
981 4416 1068 4480 caelo
1091 4415 1274 4482 ostenderet
1296 4412 1371 4478 illis.
1394 4416 1424 4477 2.
1446 4414 1496 4478 Ad

203 4523 256 4588 ille
280 4522 477 4604 respondens
508 4522 555 4586 ait
578 4521 660 4586 illis:
684 4519 764 4586 Cum
791 4520 1004 4585 semiactum
1029 4525 1088 4599 est,
1111 4520 1236 4586 dicitis:
1268 4518 1420 4585 Serenum
1444 4537 1497 4582 ru·

201 4626 372 4691 bicnndum
397 4631 447 4691 est
470 4627 554 4690 enim
579 4645 649 4690 cum
674 4624 811 4690 nubibus
850 4625 981 4690 caelum.
1006 4628 1035 4693 3.
1060 4625 1103 4690 Et
1124 4642 1217 4690 mane
1241 4622 1368 4690 dicitis:
1393 4621 1498 4688 Hodie

200 4737 388 4813 tempestas,
411 4731 618 4796 rubicundum
643 4739 692 4798 est
714 4731 798 4794 enim
822 4750 893 4797 cum
916 4731 1051 4795 tristitia
1073 4727 1205 4794 caelum.
1237 4728 1266 4792 4.
1292 4727 1496 4812 Hypccritae,

201 4836 315 4902 faciem
335 4837 413 4900 caeli
431 4837 531 4902 uestis
548 4837 738 4914 aestimar·c;
758 4837 854 4913 sipha
877 4840 983 4900 autern
1008 4841 1185 4915 temporum
1202 4853 1263 4898 nun
1287 4833 1422 4915 potestis
1444 4850 1495 4902 cc·
