3625 5775
335 530 376 595 16
709 522 891 592 Euangelium
910 522 1059 580 secundum
1077 524 1256 580 Mendaeum.
1546 525 1575 579 c.
1594 528 1638 577 12.

332 744 419 804 tetur
442 735 642 817 homininum
667 738 721 819 qui
746 742 853 802 autem
877 737 909 801 in
934 734 1086 819 Spiritum
1102 734 1251 800 Sanctum
1268 733 1551 816 blasphemaberit,
1573 754 1636 800 non

333 844 516 910 remittetur
549 842 596 908 ilii
626 846 802 926 peccatum.
849 844 900 907 32.
925 842 969 907 Et
990 841 1181 923 quicumque
1214 841 1334 907 dixerit
1367 841 1500 907 uerbum
1524 845 1638 905 contra

203 1014 206 1021 ,
334 946 430 1015 filium
469 947 616 1025 hominis,
654 948 837 1013 remittetur
867 948 914 1029 ei3
948 947 1004 1029 qui
1036 951 1146 1011 autem
1178 945 1298 1011 dixerit
1332 950 1445 1012 contra
1478 944 1636 1027 Spiritum

335 1052 497 1129 Sanctum,
521 1072 583 1119 uon
606 1053 790 1119 remittetur
822 1053 861 1135 ei,
887 1070 990 1135 neque
1019 1053 1052 1117 in
1075 1052 1135 1117 hoc
1157 1052 1297 1131 saeculo,
1331 1069 1435 1134 neque
1459 1052 1493 1117 in
1515 1050 1635 1117 futoro.

333 1158 384 1223 33.
408 1158 474 1223 Aut
490 1156 584 1223 facite
607 1155 752 1223 arborem
771 1157 885 1223 bonam
908 1162 942 1223 ct
964 1156 1104 1223 fructum
1126 1157 1197 1223 eiua
1212 1155 1340 1235 bouum,
1363 1155 1528 1221 antiacite
1542 1156 1637 1221 arbo·

334 1280 400 1327 rem
424 1263 553 1347 malum,
577 1268 610 1329 et
638 1260 775 1329 fructum
792 1265 861 1329 eius
885 1263 1012 1346 malum,
1035 1282 1108 1328 nom
1131 1281 1169 1327 ex
1190 1262 1296 1328 fructu
1311 1264 1406 1327 arbor
1421 1263 1634 1345 cognoscitur.

334 1368 385 1433 34.
411 1366 585 1451 Progenies
597 1369 789 1451 uiperurum,
813 1366 969 1451 quomodo
991 1370 1128 1451 potestis
1150 1370 1234 1435 bona
1249 1368 1346 1451 loqui,
1362 1386 1435 1433 cum
1449 1367 1523 1433 sitis
1536 1367 1636 1433 mali?

336 1470 385 1535 Ex
404 1472 597 1538 abundantia
613 1474 699 1539 enirn
715 1472 821 1539 cordis
844 1492 879 1539 os
902 1473 1054 1555 loquitur.
1077 1476 1128 1540 35.
1153 1475 1262 1539 Bonus
1285 1474 1369 1537 enim
1392 1472 1485 1537 homo
1500 1471 1635 1539 debono

337 1576 513 1641 thensauro
550 1576 673 1659 profert
706 1578 805 1657 boua3
829 1583 863 1644 et
884 1578 988 1643 maius
1019 1579 1111 1643 homo
1141 1580 1181 1644 de
1203 1578 1286 1643 maio
1317 1578 1492 1643 thensauro
1513 1576 1637 1658 profert

335 1682 426 1748 malo.
451 1682 504 1751 36.
528 1684 630 1749 Amen
653 1683 724 1750 dico
748 1683 839 1749 uobis
863 1684 1013 1764 quoniam
1036 1702 1128 1749 omne
1151 1683 1283 1749 uerbum
1308 1682 1456 1761 otiosum,
1483 1682 1569 1764 quod
1590 1682 1635 1749 lo·

335 1787 402 1853 cuti
427 1785 546 1852 fuerint
570 1787 723 1870 homines,
746 1788 883 1854 reddent
905 1788 975 1853 aina
998 1790 1154 1853 rationem
1177 1790 1210 1852 iu
1233 1788 1286 1854 die
1309 1788 1428 1854 iudicii.
1452 1790 1504 1854 37.
1530 1786 1635 1853 Unus·

336 1892 473 1973 quinque
497 1892 581 1957 enirn
605 1892 712 1959 uerbis
735 1897 802 1959 suis
828 1892 1064 1973 iustificabitur,
1087 1899 1121 1958 et
1144 1893 1250 1959 uerbis
1272 1894 1340 1960 ruis
1363 1892 1634 1959 condemnabitur.

334 1998 385 2063 38.
420 1996 508 2063 Tunc
530 1996 679 2063 adierunt
709 2018 779 2065 euro
805 2000 935 2082 quidam
959 1999 998 2064 de
1021 1999 1135 2064 scribis
1150 2004 1183 2063 et
1206 1998 1365 2064 linriaueis
1391 1998 1550 2063 dicentes:
1569 2015 1634 2062 ma·

334 2100 444 2183 gistar‚
468 2100 616 2168 uolumus
642 2102 762 2184 aliquid
787 2121 806 2167 a
829 2110 860 2168 te
884 2101 1012 2185 signum
1033 2103 1156 2168 uidere.
1178 2102 1230 2169 39.
1253 2102 1351 2168 Jesus
1373 2107 1480 2168 autem
1504 2118 1635 2185 respou-

335 2205 413 2271 dens
436 2204 482 2271 ait
504 2205 587 2273 illis:
612 2208 776 2291 generatio
799 2206 883 2273 mola
906 2212 940 2273 et
961 2207 1111 2273 adultera
1133 2208 1255 2290 signum
1279 2208 1416 2290 quaerit,
1454 2213 1488 2273 et
1510 2206 1633 2289 signum

332 2329 395 2376 non
418 2310 544 2377 dabitur
558 2312 599 2392 ei,
616 2313 678 2379 nisi
692 2313 817 2396 signum
832 2313 935 2380 Jonae
950 2314 1135 2396 prophetae.
1158 2314 1210 2379 40.
1227 2313 1318 2379 Sicut
1333 2314 1417 2377 enim
1440 2310 1503 2377 init
1524 2310 1629 2377 Jonas

335 2417 368 2481 in
390 2420 504 2483 uentre
529 2418 591 2485 ceti
616 2416 720 2485 tribus
746 2420 858 2485 diebus
880 2425 914 2484 et
935 2419 1041 2485 tribus
1063 2418 1221 2498 noctibus,
1259 2419 1308 2484 sic
1330 2419 1395 2484 erit
1416 2423 1449 2482 ot
1470 2416 1556 2481 filius
1579 2414 1635 2482 ho·

335 2520 433 2587 minis
456 2522 488 2586 iu
512 2522 606 2589 corde
630 2528 734 2590 terrae
757 2524 863 2590 tribus
886 2523 1000 2590 diebus
1024 2529 1058 2589 et
1079 2524 1182 2589 tribus
1204 2523 1362 2589 noctibus.
1406 2524 1460 2587 41.
1485 2519 1556 2588 Uiri
1578 2519 1634 2585 Ni·

335 2626 463 2693 neuitae
486 2632 622 2711 surgent
645 2630 676 2695 in
700 2630 816 2695 iudicio
856 2648 928 2695 cnm
967 2629 1175 2711 generatione
1213 2629 1276 2694 ista
1312 2633 1346 2694 ct
1380 2626 1636 2693 condemnabunt

335 2749 416 2811 eam,
449 2731 524 2814 quia
547 2735 777 2817 paenitentiam
801 2741 938 2815 egerunt
960 2735 992 2800 in
1017 2734 1256 2815 praedicatione
1279 2732 1397 2799 Jonae:
1423 2736 1547 2798 etecce
1563 2731 1634 2814 plus

336 2836 388 2904 hic
411 2854 505 2920 quani
529 2837 638 2905 Jonas.
683 2839 735 2906 42.
759 2838 883 2922 Regina
907 2838 1008 2905 austri
1033 2844 1182 2922 resurget
1212 2839 1243 2904 in
1267 2837 1387 2904 iudicio
1409 2855 1481 2903 com
1504 2853 1633 2918 gencra-

335 2943 424 3009 tione
447 2944 509 3010 ista
532 2947 565 3009 et
588 2944 809 3010 condemnabit
832 2963 913 3026 earn,
937 2945 1013 3028 quia
1035 2945 1125 3010 uenit
1146 2945 1186 3010 ab
1208 2943 1331 3009 ultimis
1360 2941 1506 3023 partibus
1527 2946 1635 3008 tarrae

336 3047 450 3114 andire
473 3048 662 3130 sapientiam
685 3049 871 3130 Solomonis,
911 3054 943 3115 et
977 3067 1051 3115 ecce
1084 3050 1157 3133 plus
1191 3050 1244 3114 hic
1280 3066 1376 3130 quam
1401 3047 1557 3113 Solomou.
1581 3047 1632 3112 43.

337 3151 417 3218 Gom
440 3159 546 3219 autem
570 3153 749 3221 immundus
771 3154 903 3237 spiritus
939 3154 1052 3220 exierit
1075 3155 1115 3218 ab
1149 3153 1285 3230 horrriue
1317 3153 1462 3220 ambulat
1485 3169 1543 3233 per
1565 3151 1635 3218 loca

337 3255 426 3323 arida
451 3262 485 3324 et
508 3258 639 3324 deserta
663 3278 820 3341 quiremus
843 3260 997 3342 requiem,
1020 3263 1054 3323 et
1076 3277 1139 3324 non
1163 3259 1314 3323 inueniet.
1339 3259 1391 3322 44.
1415 3257 1504 3326 Tunc
1534 3255 1632 3322 dicit:

338 3365 484 3428 reuertar
506 3365 538 3429 iu
557 3365 682 3430 domurn
707 3364 791 3430 unde
814 3365 912 3430 enini.
935 3364 980 3428 Et
1003 3363 1136 3428 ueniens
1159 3365 1185 3428 si
1209 3363 1368 3428 inuenerit
1382 3367 1549 3430 necantem
1566 3379 1634 3428 aco·

337 3467 386 3551 pis
408 3467 590 3536 mundatam
613 3473 647 3535 et
670 3474 822 3536 ornatam.
869 3467 920 3534 45.
945 3467 1035 3533 Tunc
1068 3468 1159 3534 uadit
1186 3473 1219 3532 et
1249 3467 1389 3533 adsumit
1424 3485 1531 3534 secum
1553 3467 1635 3533 aiios

337 3575 459 3655 septam
484 3573 618 3654 spiritus
640 3574 810 3656 nequiores
834 3590 929 3656 quarn
953 3591 998 3653 se,
1032 3579 1067 3639 et
1098 3575 1256 3638 intrantes
1286 3573 1431 3637 hubitant
1465 3573 1498 3640 in
1521 3590 1572 3652 ao,
1602 3576 1635 3638 et

337 3676 420 3746 fiunt
442 3679 617 3745 nouissima
640 3679 776 3744 hominis
800 3677 885 3744 iliius
909 3677 1019 3760 peiora
1054 3677 1157 3759 magis
1190 3697 1284 3761 quarn
1319 3679 1438 3760 priora.
1484 3676 1537 3742 Sic
1572 3678 1636 3743 erit

339 3783 539 3866 generationi
562 3783 635 3849 huic
659 3784 824 3864 pessimae.
848 3785 901 3851 46.
925 3781 1015 3848 Haec
1038 3800 1075 3846 eo
1099 3782 1249 3864 loquente
1272 3783 1313 3848 ad
1329 3784 1450 3864 turbas,
1472 3801 1547 3854 acce
1569 3799 1635 3847 ma·

342 3893 392 3954 ter
415 3889 485 3956 eius
508 3894 542 3954 et
564 3888 679 3956 irrues
708 3888 838 3956 stabant
861 3888 940 3954 ioris
962 3893 1154 3970 quaerentes
1176 3887 1263 3970 loqui
1286 3907 1355 3954 cunr
1380 3908 1428 3954 eo.
1464 3891 1518 3957 47.
1543 3889 1637 3953 Dixit

339 3998 447 4060 autem
464 3996 492 4062 ei
505 3995 651 4078 quidam:
675 4012 750 4060 ecce
773 4001 874 4061 mater·
896 4003 955 4061 tua
976 4000 1009 4059 et
1024 3992 1141 4060 iratres
1162 3996 1210 4060 tui
1233 3991 1311 4059 ioris
1334 3997 1423 4059 stam
1445 4001 1635 4075 quaerentes

336 4099 422 4182 loqui
446 4105 560 4166 tecum.
586 4101 638 4166 48.
662 4099 711 4164 Ad
735 4099 804 4182 ipse
829 4099 1024 4182 respondens
1048 4098 1165 4164 dicenti
1190 4097 1249 4163 sibi
1273 4099 1335 4164 ait:
1370 4095 1459 4172 Quae
1482 4104 1534 4166 est
1557 4099 1635 4166 mihi

337 4209 439 4270 mater
461 4225 532 4271 inea
555 4210 589 4272 et
611 4205 728 4270 fratres
751 4205 836 4270 mei?
882 4205 935 4270 49.
969 4203 1014 4268 Et
1046 4205 1223 4270 extendens
1256 4221 1382 4268 manum
1407 4205 1438 4268 in
1461 4204 1636 4287 discipulos

339 4329 415 4376 snos
439 4311 542 4377 dixit:
567 4330 641 4378 ecca
663 4316 765 4376 mater
788 4329 858 4376 rnen
882 4315 915 4376 et
936 4310 1054 4376 iratres
1078 4309 1148 4375 inei.
1184 4311 1235 4375 50.
1261 4311 1462 4391 Quicumque
1482 4310 1567 4378 enim
1589 4309 1636 4375 fe·

337 4415 418 4480 cerii
442 4417 639 4483 uoluntatem
664 4417 767 4500 patris
789 4418 850 4482 mei
875 4416 931 4500 qui
955 4417 988 4482 in
1012 4414 1111 4482 caelis
1134 4427 1194 4494 est,
1218 4417 1287 4497 ipsc
1310 4433 1401 4481 meus
1423 4421 1458 4481 et
1479 4414 1580 4484 irater
1602 4421 1636 4482 et

336 4538 427 4586 soror
451 4527 483 4587 et
507 4527 607 4588 mater
629 4527 688 4589 est.

440 4731 544 4801 XIII.
568 4738 595 4798 1.
621 4737 742 4801 Eodem
766 4733 817 4799 die
840 4733 919 4798 exiit
947 4731 1044 4797 Jcsus
1068 4749 1160 4796 secus
1191 4749 1278 4796 mare
1301 4735 1335 4796 et
1357 4729 1498 4798 sedebat.
1538 4733 1566 4794 2.
1591 4731 1635 4796 Et

339 4842 550 4921 congregatae
584 4838 719 4905 suntad
745 4855 814 4904 eum
838 4835 963 4915 tur-bae,
999 4834 1102 4901 itaut
1125 4835 1158 4901 in
1181 4833 1360 4900 nauiculam
1392 4834 1580 4902 ascenderet
1602 4837 1636 4898 et
