3625 5775
326 541 389 605 124
740 535 924 606 Euangelium
942 536 1091 592 secundum
1112 535 1243 592 Marcum.
1555 537 1585 592 c.
1604 544 1627 592 4,

324 749 407 814 enim
425 766 572 814 mensura
592 748 772 826 metieritis,
796 755 829 810 et
845 745 1121 811 demensurabitur
1145 746 1236 812 uobis
1263 747 1313 813 25.
1339 747 1398 824 Qui
1419 749 1503 811 enim
1519 747 1628 825 babet,

325 850 455 916 dabitur
481 851 538 930 illi,
571 855 682 935 etqui
706 851 896 927 nonhabet,
928 857 961 914 et
983 851 1068 932 qnod
1093 851 1198 928 babet,
1223 849 1387 916 auferetur
1411 853 1451 916 ab
1476 851 1538 916 illo.
1575 855 1629 917 26.

324 959 367 1021 lit
390 955 535 1022 dicebat:
573 957 626 1022 Sic
650 964 700 1022 eat
723 975 855 1038 regnum
880 956 943 1034 dei,
979 955 1244 1036 quemadmodum
1268 957 1294 1020 si
1318 955 1413 1021 homo
1447 957 1554 1020 mittut
1577 977 1627 1018 se·

323 1079 394 1125 meu
423 1061 455 1126 in
479 1065 610 1134 terram,
636 1063 688 1129 21.
711 1069 745 1126 et
767 1061 904 1143 dormiat
926 1065 960 1124 et
974 1064 1085 1141 surgat
1107 1066 1201 1124 noete
1225 1065 1258 1125 et
1280 1061 1342 1139 die,
1367 1068 1400 1125 rt
1422 1079 1528 1126 semen
1554 1079 1627 1142 ger·

324 1166 468 1229 nrinetet
491 1167 656 1245 increscat,
682 1166 755 1231 dum
782 1166 912 1230 nesciat.
937 1167 987 1230 28.
1014 1161 1107 1228 Ultro
1131 1164 1213 1228 enim
1237 1169 1324 1228 terra
1348 1163 1531 1246 fructificat,
1557 1165 1627 1246 pri·

328 1288 414 1332 nrum
438 1269 578 1348 herbam,
602 1269 719 1335 deinde
742 1271 871 1351 spiram,
895 1269 1010 1333 deiude
1035 1269 1161 1351 plenum
1197 1271 1336 1333 triticum
1362 1271 1392 1333 iu
1428 1271 1525 1351 spica.
1571 1271 1627 1333 211.

326 1372 405 1438 Corn
428 1373 565 1440 fructum
590 1374 738 1453 ediderit
762 1376 808 1440 sic
831 1374 930 1439 mittit
959 1372 1082 1456 falcem,
1116 1374 1262 1454 quoniam
1297 1373 1389 1438 adest
1423 1373 1626 1441 nescisse.

325 1478 368 1543 Et
406 1477 551 1544 dicebat:
600 1479 757 1560 quomodo
793 1479 898 1542 siruile
936 1478 1079 1543 dicemus
1116 1495 1245 1559 regnum
1285 1477 1361 1542 dei?
1406 1479 1469 1542 Aut
1507 1478 1537 1541 in
1562 1494 1628 1558 qua

327 1584 537 1648 similitudine
561 1585 739 1666 ponemus?
761 1582 812 1649 31.
838 1583 927 1648 Sicut
949 1601 1081 1666 granum
1105 1583 1227 1664 sinapis
1251 1587 1333 1662 quod
1357 1583 1547 1647 seminatum
1570 1599 1626 1644 su·

325 1707 383 1770 per
405 1693 532 1767 terrain.
557 1709 627 1753 cum
651 1692 693 1754 sit
729 1691 834 1753 minus
864 1689 1001 1753 omnium
1033 1689 1199 1767 seminum,
1245 1690 1298 1753 32.
1323 1687 1439 1751 crescit
1463 1690 1628 1750 autemst

321 1791 356 1856 lit
378 1794 473 1858 arbor
494 1794 758 1859 maiusomnium
783 1793 925 1858 holerum
942 1798 975 1858 et
991 1792 1067 1857 iacit
1090 1809 1194 1856 ramos
1219 1809 1359 1872 magnos,
1374 1792 1419 1856 ita
1435 1796 1471 1855 ut
1493 1791 1620 1872 possint

324 1897 382 1962 sub
407 1898 517 1964 umbra
539 1899 610 1964 cius
632 1916 710 1964 aues
734 1898 813 1963 caeli
837 1898 1026 1963 inhabitare.
1051 1899 1101 1963 33.
1127 1897 1169 1962 st
1192 1896 1264 1962 aliis
1290 1895 1448 1976 parabolis
1470 1894 1626 1976 loqueba·

323 2006 377 2065 tur
397 2003 438 2066 ad
462 2001 543 2080 illos,
578 2003 718 2083 qualiter
741 2007 890 2083 poterant
913 2003 1034 2081 audire,
1069 2003 1121 2067 34.
1145 2002 1214 2067 sinc
1248 2001 1410 2082 parabolis
1433 2005 1538 2064 autem
1563 2019 1627 2064 non

329 2106 522 2186 loquebatur
543 2106 584 2171 ad
608 2107 701 2181 illos;
726 2112 850 2172 secreto
873 2113 979 2171 autern
1005 2106 1170 2188 discipulis
1202 2108 1269 2174 stria
1302 2105 1489 2171 exsoluebat
1510 2109 1627 2170 omnia.

321 2213 372 2275 35.
398 2210 440 2274 Et
462 2211 508 2274 ait
530 2209 593 2275 illis
617 2210 649 2274 in
673 2211 812 2290 iliadis,
836 2231 907 2277 cum
931 2211 1131 2277 serolactum
1146 2217 1247 2276 esset:
1275 2217 1477 2276 transeamus
1501 2215 1623 2274 contra.

323 2316 374 2380 36.
399 2314 442 2378 Et
465 2314 658 2380 dimiserunt
682 2317 804 2380 turbam
827 2320 861 2379 et
884 2322 1075 2397 acceperuut
1097 2334 1179 2392 curra,
1203 2317 1247 2380 ita
1271 2323 1306 2380 nt
1330 2321 1401 2378 erat
1425 2315 1455 2378 in
1475 2312 1626 2378 nauicula

323 2425 356 2482 et
379 2419 498 2484 mrrltao
521 2438 620 2485 naues
643 2419 737 2485 simul
761 2425 851 2484 erant
875 2438 945 2485 crrm
964 2420 1028 2484 illo.
1053 2421 1104 2484 at.
1131 2419 1173 2485 Et
1187 2419 1273 2485 iacta
1288 2427 1338 2485 est
1354 2417 1493 2501 procella
1510 2436 1628 2499 magna

321 2523 419 2604 uenti,
443 2530 488 2587 ¹et
511 2522 631 2587 iluctus
669 2523 817 2588 mittebat
853 2526 883 2587 in
919 2524 1111 2602 nauiculam,
1147 2525 1193 2589 ita
1228 2529 1262 2588 ut
1297 2522 1483 2604 impleretur
1517 2523 1623 2587 nauis.

320 2629 374 2692 38.
398 2627 479 2692 Erat
502 2633 607 2692 autem
632 2629 755 2710 ipsein
780 2647 886 2708 puppe
910 2647 1008 2710 supra
1030 2627 1193 2709 puluinum
1218 2629 1397 2694 dormiens:
1428 2634 1463 2692 et
1484 2628 1625 2693 excitau-

325 2737 374 2796 tes
398 2749 469 2796 eum
494 2732 643 2796 dixerunt
665 2734 711 2797 ei:
747 2734 909 2814 magister,
933 2751 996 2798 non
1020 2733 1151 2797 esttibi
1175 2752 1263 2810 cura,
1293 2753 1331 2798 eo
1354 2733 1437 2816 quod
1462 2731 1626 2814 perimus?

323 2839 375 2902 20.
402 2837 445 2902 Et
467 2856 626 2919 exurgens
648 2838 818 2919 imperauit
840 2843 937 2902 uento
961 2840 993 2900 et
1015 2838 1094 2901 orari
1119 2843 1151 2901 et
1173 2837 1233 2920 ait;
1257 2836 1471 2903 Ommutesce.
1495 2836 1539 2902 Et
1553 2854 1624 2901 ces-

321 2944 406 3007 sauit
430 2950 555 3023 uentus,
579 2948 612 3007 et
633 2942 719 3007 iacta
740 2948 791 3006 est
812 2943 1034 3023 tranquillitas
1058 2962 1179 3023 uragna.
1204 2946 1247 3008 40
1274 2944 1425 3024 Dixitque
1442 2943 1522 3008 illis:
1546 2943 1624 3023 quid

323 3046 428 3112 timidi
451 3048 552 3111 estis?
576 3048 715 3111 orandum
739 3046 823 3109 euim
840 3046 965 3111 habetis
980 3046 1098 3111 tidem?
1123 3046 1165 3111 Et
1179 3048 1356 3111 timuerunt
1369 3047 1485 3112 timore
1498 3064 1623 3128 magno,

197 3210 200 3214 .
321 3155 353 3215 at
376 3152 417 3214 ad
441 3152 579 3216 inuicem
610 3150 775 3215 dicebant:
821 3150 915 3228 Ecce,
954 3152 1110 3232 quomodo
1144 3169 1231 3217 mare
1254 3157 1286 3217 ct
1322 3153 1410 3216 uenti
1446 3150 1625 3217 obaudiunt

323 3274 404 3319 eum.

424 3460 469 3529 V.
497 3464 523 3526 1.
548 3462 591 3527 Et
616 3467 773 3528 uenerunt
796 3467 885 3527 trans
909 3461 1023 3528 iratum
1051 3465 1080 3529 in
1114 3462 1277 3546 regionem
1312 3464 1555 3533 Gerasenorum.
1590 3467 1621 3532 2.

323 3572 461 3633 exeunte
485 3569 555 3648 ipso
579 3568 618 3631 de
641 3568 800 3650 nauicula,
825 3569 969 3632 obniauit
992 3570 1020 3632 ei
1046 3570 1138 3634 bomo
1161 3570 1201 3633 de
1224 3578 1437 3648 monumento,
1473 3570 1622 3655 spiritum

320 3673 516 3738 immundum
540 3672 672 3748 babens,
697 3674 727 3736 3.
752 3678 785 3738 et
807 3672 949 3736 babebat
971 3671 1201 3738 habitationem
1226 3675 1256 3738 in
1281 3682 1492 3755 monumento,
1518 3680 1550 3739 ct
1566 3694 1621 3739 ne-

324 3796 386 3857 que
408 3777 532 3842 catenis
555 3778 617 3841 iarn
642 3778 807 3857 quisquam
843 3785 971 3859 poterat
994 3778 1103 3858 ligore,
1136 3780 1166 3843 4.
1203 3781 1279 3860 quia
1302 3798 1400 3862 saepe
1422 3780 1484 3844 iam
1510 3779 1622 3861 alliga-

325 3888 378 3946 tus
402 3882 606 3964 compedibus
628 3889 662 3948 et
685 3884 817 3965 catenis,
843 3883 1025 3963 disruperat
1047 3902 1066 3947 a
1089 3903 1123 3948 se
1148 3889 1277 3949 catenas
1300 3892 1333 3948 et
1355 3885 1523 3967 compedes
1546 3902 1621 3949 con-

322 3986 428 4067 fregit,
451 3991 501 4050 set
524 4005 583 4051 nec
613 3986 779 4067 quisquam
804 3985 933 4051 uolebat
955 4006 1027 4051 cunr
1051 3988 1180 4053 domare
1213 3991 1243 4052 b.
1269 3988 1369 4054 Nocte
1392 3994 1497 4054 autem
1515 4006 1552 4052 ac
1567 3989 1622 4054 dis

320 4092 351 4154 in
376 4092 536 4156 montibus
561 4096 594 4155 et
617 4091 830 4156 monumentis
855 4096 926 4156 erat
949 4093 1090 4158 clamans
1113 4098 1146 4158 et
1158 4092 1316 4175 lapidibus
1339 4112 1374 4158 se
1398 4093 1562 4158 collidens.
1589 4094 1621 4158 6.

322 4192 445 4259 Uidens
468 4201 573 4262 autem
597 4216 616 4261 a
638 4195 733 4275 louge
755 4195 877 4271 lesum,
915 4198 1060 4263 arlcrrrrit
1082 4202 1114 4261 et
1136 4197 1284 4263 adorauit
1306 4217 1378 4264 oum
1412 4204 1445 4263 ct
1479 4199 1621 4267 clamans

321 4319 400 4365 uoce
423 4319 536 4383 magna
559 4300 656 4365 dixit:
682 4302 709 4364 7.
744 4300 828 4377 Quid
852 4300 929 4364 mibi
952 4307 986 4366 et
1009 4302 1077 4379 tibi,
1101 4302 1189 4380 lesu,
1216 4301 1258 4366 iili
1282 4302 1332 4366 dei
1358 4302 1515 4381 altissimi,
1549 4321 1621 4383 pre-

316 4424 370 4469 cor
386 4411 418 4469 te
434 4423 492 4487 per
507 4405 613 4485 deum,
626 4424 666 4469 ne
689 4424 738 4469 me
751 4411 912 4486 torqueas.
937 4408 966 4471 8.
992 4408 1126 4473 Dicebat
1141 4407 1225 4471 onim
1243 4406 1308 4472 illi:
1331 4406 1392 4471 Exi
1411 4406 1542 4489 spiritus
1560 4409 1617 4471 im-

318 4509 435 4574 arunde
458 4510 499 4574 de
521 4510 582 4574 hoc
605 4509 744 4576 bomine.
789 4512 820 4572 9.
854 4509 898 4574 Et
934 4511 1155 4592 interrogabat
1178 4529 1268 4576 euro:
1302 4512 1386 4593 quod
1422 4513 1479 4577 tibi
1504 4529 1619 4575 nomen

318 4616 390 4678 est?
414 4615 455 4679 At
479 4614 532 4679 ille
548 4616 733 4697 respondit:
759 4613 840 4694 legio
856 4633 970 4680 rrorneu
987 4628 1034 4679 est
1050 4616 1136 4695 mibi,
1161 4614 1237 4699 quia
1252 4617 1344 4681 multi
1361 4634 1479 4682 sumus.
1508 4617 1556 4680 ill.
1576 4618 1620 4681 Et

318 4720 452 4799 rogabat
473 4737 545 4783 eum
568 4719 712 4795 multum,
725 4736 765 4783 ne
788 4737 860 4782 euni
884 4718 1063 4799 exprelleret
1077 4720 1162 4785 foras
1180 4719 1218 4783 de
1235 4721 1291 4785 illa
1306 4722 1446 4801 regione.
1472 4724 1520 4786 11.
1538 4721 1621 4785 Erat

316 4832 421 4889 autem
445 4823 488 4889 ibi
513 4826 600 4890 iusta
623 4830 761 4888 montem
778 4841 854 4905 grex
879 4842 1044 4907 porcorum
1068 4827 1277 4907 pascentium.
1305 4827 1355 4891 12.
1380 4824 1423 4890 Et
1446 4826 1618 4909 depraeca·
