3625 5775
184 553 214 605 0.
233 557 276 605 21.
561 554 741 621 Euangelium
761 554 910 606 sectandum
930 554 1108 608 Matthaeum.
1443 556 1484 621 29

186 765 353 829 latronum.
393 768 440 832 14.
465 767 507 831 Et
530 772 735 832 accesserunt
766 767 805 830 ad
841 785 913 831 eum
945 766 1030 830 caeci
1061 770 1095 829 et
1125 764 1207 829 clodi
1238 764 1270 827 in
1301 764 1429 846 templo,
1454 769 1487 827 et

187 870 390 935 sanauiteos
420 874 466 937 15.
492 870 648 936 Uideutes
671 875 776 935 auteur
802 871 962 955 principes
979 870 1180 935 sacerdotum
1206 873 1239 935 et
1255 870 1378 935 scribae
1394 868 1488 933 mira-

186 974 273 1053 bilia,
305 994 386 1057 quae
411 976 487 1041 lecit
510 975 615 1054 lesus
650 983 682 1041 et
706 995 821 1057 pueros
851 977 1026 1041 claruautes
1056 975 1230 1057 intemplo
1266 981 1298 1039 et
1322 975 1483 1040 diceutes:

187 1076 333 1145 Ossauua
357 1080 421 1144 filio
445 1080 560 1159 Dauid,
600 1083 647 1146 ld.
671 1081 827 1164 iudiguati
859 1088 934 1147 suut
964 1086 997 1147 et
1021 1081 1170 1147 dixerunt
1200 1081 1250 1143 ei:
1285 1080 1387 1144 dardis
1411 1078 1487 1159 quid

188 1184 239 1249 isti
264 1184 398 1250 dicunt?
436 1185 531 1250 Jesus
554 1191 660 1249 autem
684 1186 764 1250 dixit
788 1186 866 1251 illis:
895 1183 1015 1267 Utique
1039 1205 1100 1249 uon
1124 1184 1264 1267 legistis:
1289 1184 1338 1247 Ex
1361 1201 1416 1247 ore
1440 1183 1487 1247 iu-

187 1288 319 1354 iautium
353 1294 386 1354 et
412 1290 596 1355 lactantium
621 1290 783 1372 perfecisti
817 1292 964 1357 laudem?
1000 1292 1049 1356 17.
1081 1288 1123 1352 ut
1154 1290 1277 1353 relictis
1308 1288 1383 1369 illis,
1409 1288 1488 1351 obiit

191 1394 275 1459 lorus
300 1399 390 1458 extra
415 1396 576 1459 ciuitatem
601 1396 631 1459 iu
657 1396 856 1469 bethaniam,
889 1396 997 1476 ibique
1028 1395 1154 1458 mausit.
1189 1396 1237 1459 18.
1262 1392 1356 1457 blano
1382 1398 1487 1457 atatem

188 1499 348 1564 transiens
372 1500 403 1563 iu
427 1500 587 1565 ciuitatem
606 1500 726 1565 esuriit.
758 1502 804 1565 19.
831 1500 873 1564 Et
897 1500 1012 1565 uidens
1036 1498 1087 1563 fici
1110 1498 1256 1563 arborem
1279 1517 1372 1563 uuam
1397 1515 1489 1562 secus

189 1606 282 1682 uiam,
312 1604 403 1668 ueuit
425 1604 464 1669 ad
490 1623 569 1684 eoru,
600 1612 633 1669 et
655 1604 732 1669 nibil
758 1606 880 1670 inuenit
912 1607 943 1669 iu
974 1622 1013 1668 ea
1037 1605 1098 1669 uisi
1130 1602 1364 1682 solistumum,
1387 1606 1420 1666 et
1443 1603 1490 1665 ait

187 1709 254 1773 illi:
289 1707 467 1790 Numquam
491 1728 530 1773 ex
562 1717 592 1774 te
617 1709 740 1774 fructus
765 1717 916 1775 nascautur
946 1710 978 1773 iu
1009 1710 1246 1789 sempiternum.
1282 1708 1325 1773 Et
1348 1706 1489 1771 arefacta

189 1821 239 1880 est
261 1816 408 1879 contiuuo
432 1812 577 1881 liculnea.
610 1818 660 1879 20.
687 1814 729 1881 Et
752 1816 899 1881 uidentes
924 1814 1070 1896 discipuli
1095 1815 1201 1878 mirati
1226 1820 1301 1877 suut
1326 1812 1488 1877 diceutes:

189 1921 346 2001 quomodo
378 1921 526 1985 contiuuo
550 1920 659 1985 aruit?
698 1924 748 1986 21.
781 1919 990 2001 llespoudeus
1023 1923 1131 1983 autem
1160 1917 1257 1983 Jesus
1288 1918 1349 1982 uit:
1388 1918 1489 1979 Amen

188 2026 259 2090 dico
291 2024 392 2108 uobis,
425 2026 451 2088 si
484 2022 660 2088 habueritis
692 2024 795 2101 fidem,
827 2030 860 2089 et
891 2042 953 2088 uon
977 2024 1202 2105 aesitaberitis
1237 2041 1298 2086 uou
1323 2022 1425 2086 solum
1450 2021 1489 2084 de

188 2127 325 2194 liculnea
347 2128 480 2210 facietis,
506 2130 562 2194 sed
579 2130 654 2195 etsi
671 2130 771 2194 mouti
796 2130 867 2194 lruic
892 2128 1055 2193 dixeritis:
1079 2128 1215 2205 Tollere,
1240 2130 1273 2191 et
1304 2127 1432 2190 urittere
1455 2126 1487 2189 iu

188 2252 285 2312 arare,
309 2232 373 2298 fiet.
401 2236 452 2299 22.
476 2234 519 2299 Et
543 2234 647 2300 omnia
663 2252 879 2317 quoecumque
904 2233 1063 2317 petieritis
1086 2233 1118 2297 iu
1142 2233 1286 2297 oratioue
1311 2231 1487 2307 credentes,

188 2339 364 2420 accipietis.
401 2342 451 2405 23.
487 2340 530 2405 lit
553 2358 623 2403 cum
660 2339 800 2405 uenisset
834 2338 865 2402 iu
898 2339 1062 2419 templum,
1098 2342 1303 2402 accesserunt
1338 2336 1378 2400 ad
1416 2352 1486 2398 eom

189 2445 350 2525 principes
382 2446 582 2509 sacerdotum
618 2451 649 2509 ct
672 2445 814 2510 seniores
838 2443 957 2527 populi,
989 2443 1150 2508 dicentes:
1185 2442 1221 2505 lu
1245 2460 1309 2522 qua
1332 2443 1489 2523 potestate

189 2550 270 2612 baec
294 2548 397 2613 lacis?
420 2554 452 2613 et
476 2551 546 2630 quis
570 2548 628 2613 tibi
653 2549 741 2613 dedit
757 2550 838 2613 hauc
853 2548 1070 2629 potestatem?
1093 2548 1144 2611 24.
1169 2546 1377 2629 Respondeas
1392 2544 1490 2609 lesus

189 2654 271 2717 dixit
293 2652 375 2720 illis:
400 2654 568 2735 Interrogo
593 2672 650 2719 uos
674 2658 706 2717 et
722 2674 780 2735 ego
798 2672 893 2717 uuum
912 2654 1055 2732 uerbum,
1081 2653 1164 2733 quod
1181 2651 1278 2716 dicite
1294 2650 1382 2730 mibi,
1406 2648 1489 2730 quod

189 2760 217 2824 si
242 2758 388 2824 dixeritis
411 2758 500 2838 uribi,
535 2764 566 2823 et
597 2778 655 2839 ego
686 2758 777 2824 uobis
810 2758 921 2837 dicam,
957 2757 988 2820 iu
1018 2777 1080 2839 qua
1108 2760 1266 2840 potestate
1289 2754 1368 2820 baec
1390 2753 1489 2818 facio:

188 2862 240 2929 25.
265 2864 465 2946 ltaptismmu
489 2863 645 2930 Johauuis
669 2865 753 2929 uude
777 2864 871 2929 erat?
894 2864 934 2928 de
957 2862 1057 2942 caelo,
1081 2881 1119 2927 au
1144 2881 1182 2926 ex
1206 2859 1410 2926 bominibus?
1441 2857 1489 2922 Ad

188 2968 234 3034 illi
260 2971 443 3051 cogitabant
474 2970 558 3034 iutra
588 2989 622 3035 se
654 2969 812 3034 diceutes:
849 2971 901 3034 26.
925 2966 957 3032 Si
983 2967 1173 3032 dixerimus:
1212 2965 1372 3048 decedo,
1404 2963 1490 3028 dicet

187 3075 299 3150 uobis;
331 3093 431 3156 quare
455 3095 516 3140 uon
542 3075 672 3139 creditis
696 3075 769 3138 illi?
800 3073 834 3139 Si
868 3079 975 3138 autem
1007 3072 1197 3137 dixerimus:
1228 3090 1266 3135 ex
1300 3070 1490 3144 bominibus,

188 3181 339 3244 timemus
362 3181 503 3259 turbam;
528 3199 636 3246 oruucs
661 3181 743 3245 euim
767 3179 887 3244 lrabeat
919 3178 1086 3244 Jolrauueu
1103 3177 1186 3244 sicut
1209 3175 1406 3260 prophetam.
1439 3176 1490 3239 27.

189 3285 233 3350 Et
254 3286 490 3366 responderunt
510 3288 549 3349 ad
574 3284 696 3363 Jesum,
727 3293 759 3349 et
783 3285 952 3350 dixerunt:
978 3283 1154 3350 Nescimus.
1179 3282 1234 3347 Ait
1262 3279 1325 3344 illis
1349 3280 1489 3360 etipse:

190 3389 257 3453 Nec
281 3408 340 3472 ego
364 3390 454 3455 uobis
479 3389 604 3473 dico‚iu
622 3409 685 3471 qua
709 3394 866 3472 potestate
882 3390 962 3454 haec
977 3388 1071 3454 facio.
1095 3391 1146 3454 28.
1171 3385 1254 3463 Quid
1279 3389 1383 3449 autem
1401 3383 1491 3448 uobis

191 3495 343 3558 uidetur?
377 3493 479 3559 llomo
503 3495 631 3578 quidam
656 3495 793 3559 babebat
817 3495 895 3560 duos
921 3493 1020 3572 lilios;
1056 3498 1089 3558 et
1112 3494 1268 3558 accedeus
1291 3490 1331 3555 ad
1355 3490 1491 3570 primum

192 3599 288 3665 dixit:
312 3599 384 3677 Fili,
411 3600 490 3664 uode
514 3599 609 3664 bodie
634 3619 766 3682 operare
790 3598 821 3661 iu
845 3599 982 3663 uideam.
1007 3599 1057 3663 29.
1083 3597 1142 3661 llle
1165 3602 1271 3660 autem
1294 3595 1491 3675 respondeus

192 3707 246 3768 ait.
282 3700 374 3770 Nolo.
410 3704 528 3768 Postea
560 3705 758 3786 paenitentia
788 3707 893 3768 motus
925 3703 1004 3768 abiit
1034 3703 1066 3766 iu
1098 3702 1233 3765 uiueam.
1270 3701 1321 3765 30.
1347 3697 1492 3762 Accessit

191 3815 297 3874 autem
322 3809 361 3873 ad
388 3808 522 3874 alterum
547 3815 579 3874 et
603 3810 682 3874 dixit
706 3808 863 3874 similiter.
898 3807 947 3872 Ad
972 3807 1026 3872 ille
1050 3806 1245 3887 respondeus
1268 3805 1328 3868 ait:
1354 3803 1411 3882 Eo,
1437 3803 1490 3865 do·

189 3916 281 3994 mine,
305 3917 339 3978 et
361 3933 423 3977 riou
446 3915 492 3978 iit.
510 3915 559 3979 31.
585 3913 665 3991 Quis
687 3933 725 3978 ex
749 3914 872 3978 duobus
894 3913 971 3978 fecit
994 3914 1095 3993 patris
1121 3909 1341 3976 uoluntatem?
1366 3908 1486 3973 Dicunt

192 4018 237 4082 ei:
265 4017 475 4083 Nobissimus.
503 4018 588 4083 Dicit
611 4019 675 4083 illis
698 4018 811 4084 Jesus:
841 4019 940 4082 Amen
966 4017 1036 4082 dico
1062 4016 1161 4099 uobis,
1186 4015 1269 4097 quod
1303 4013 1491 4078 meretrices

193 4129 226 4187 et
251 4122 411 4204 publicari
436 4123 630 4204 praecedent
655 4142 711 4190 uos
736 4124 766 4186 iu
791 4142 887 4205 regno
912 4123 973 4187 dei.
998 4124 1048 4186 32.
1074 4117 1173 4185 Ueuit
1195 4120 1279 4184 euim
1302 4120 1341 4183 ad
1359 4135 1415 4182 uos
1437 4116 1490 4180 lo·

190 4228 311 4292 hanues
324 4228 354 4292 iu
371 4228 424 4290 uia
440 4226 593 4312 iustitiae,
618 4231 650 4290 et
667 4247 727 4292 uon
752 4227 935 4293 credidistis
951 4228 999 4305 ei;
1022 4225 1183 4308 publicani
1209 4229 1314 4289 autem
1342 4230 1374 4288 et
1389 4241 1490 4287 mere·

190 4333 288 4398 trices
311 4332 518 4396 credideruut
542 4333 587 4410 ei;
617 4351 675 4398 uos
698 4339 803 4398 autem
827 4332 977 4398 uidentes
1001 4349 1060 4396 uec
1082 4330 1309 4411 paenitentiam
1333 4327 1491 4392 habuistis

193 4443 311 4517 postea,
347 4439 428 4518 quod
455 4455 517 4500 uou
541 4438 727 4502 credidistis
752 4440 790 4503 ei.
823 4440 874 4503 33.
899 4437 1004 4501 Aliam
1030 4435 1214 4517 parabolam
1237 4434 1361 4498 audite:
1390 4433 1492 4498 Homo

191 4548 259 4606 erat
282 4539 524 4622 paterfamilias
549 4541 604 4623 qui
630 4542 791 4620 plautauit
815 4544 951 4624 uideam,
983 4547 1016 4606 et
1038 4559 1134 4621 saepe
1158 4538 1369 4603 circumdedit
1390 4539 1431 4617 ei,
1462 4541 1494 4601 et

189 4643 272 4710 fodit
302 4649 335 4709 iu
372 4665 441 4709 eam
466 4649 619 4728 torcular,
652 4657 684 4712 et
707 4647 890 4713 aedilicauit
923 4651 1042 4712 turrem
1066 4654 1098 4711 et
1122 4645 1242 4710 locauit
1272 4663 1339 4707 eam
1364 4643 1494 4722 colonis,

191 4755 224 4816 et
247 4770 381 4832 peregre
405 4749 566 4831 proiectus
591 4758 648 4817 est.
675 4755 725 4818 34.
751 4752 828 4816 Ouru
853 4756 978 4833 tempus
1001 4756 1106 4815 auteur
1134 4750 1296 4814 fructuum
1324 4747 1495 4829 adpropin-

193 4861 333 4934 quasset,
358 4855 446 4919 misit
469 4871 580 4920 seruos
604 4872 678 4919 suos
702 4856 741 4920 ad
766 4855 905 4937 colonos,
930 4862 966 4919 ut
988 4855 1172 4937 acciperent
1183 4852 1223 4917 de
1245 4850 1400 4916 fructibus
1414 4852 1494 4920 suis.
