3625 5775
348 517 392 583 88
740 512 922 582 hugelisn
944 514 1094 568 secundun
1113 514 1263 569 lmnun.
1574 509 1603 562 C.
1620 515 1654 562 4.

349 723 528 807 probibere.
550 725 603 790 31.
627 723 671 786 Et
693 727 790 803 prout
810 722 911 788 uultis
934 731 969 789 ut
989 724 1109 790 faciant
1124 724 1217 789 uobis
1232 724 1388 798 hormines,
1412 724 1507 788 facite
1530 723 1594 788 illis
1616 727 1654 786 et

349 848 408 894 uos
429 828 585 894 similiter.
615 829 669 892 32.
692 827 734 892 Et
766 829 794 892 si
817 828 954 908 diligitis
976 847 1042 908 eos,
1078 831 1132 910 qui
1168 847 1226 894 uos
1260 829 1407 910 diligunt,
1442 848 1525 910 quae
1557 827 1652 891 uobis

348 933 481 1017 gratia?
503 951 577 998 nrm
599 939 634 996 et
656 937 841 1013 peccatores
856 932 1030 1014 diligentes
1053 953 1088 999 se
1112 933 1272 1016 diligunt?
1295 936 1348 998 33.
1372 934 1464 998 Etsi
1488 931 1650 998 benefece-

349 1039 424 1104 ritis
446 1037 508 1116 his,
531 1039 587 1118 qui
608 1036 702 1100 uobis
713 1036 926 1116 benefaciunt,
950 1057 1032 1120 quae
1056 1038 1147 1104 uobis
1171 1039 1232 1102 erit
1254 1041 1377 1119 gratia?
1400 1056 1472 1102 nam
1488 1043 1521 1101 et
1536 1055 1650 1119 pocca-

349 1151 437 1208 tores
459 1141 539 1206 haec
561 1141 692 1206 faciunt.
715 1143 769 1208 34.
793 1142 885 1206 Etsi
909 1149 1053 1208 mutuum
1078 1143 1234 1207 dederitis
1247 1141 1306 1224 uis,
1331 1163 1350 1207 4
1373 1143 1488 1222 quibus
1510 1139 1650 1222 speratis

348 1267 408 1312 uos
430 1245 589 1328 recipere,
611 1265 695 1328 quae
717 1248 823 1328 gratia
844 1253 894 1312 est
917 1247 1031 1312 uobis?
1054 1266 1157 1312 noune
1173 1253 1206 1312 44
1221 1255 1406 1328 peccatores
1431 1247 1651 1330 peccatoribus

350 1353 517 1420 faenerant
543 1357 576 1416 et
598 1353 766 1434 repiciant.
811 1353 864 1418 35.
888 1352 1009 1418 Uerum
1043 1359 1149 1416 tamen
1173 1357 1277 1416 amate
1301 1352 1445 1416 inimicos
1468 1357 1595 1416 uestros
1616 1357 1652 1415 44

349 1457 528 1522 benefacite
540 1461 685 1521 mutuum
699 1457 784 1535 dale,
807 1457 886 1522 nihil
899 1457 1117 1538 desperantes,
1140 1461 1175 1520 et
1196 1455 1258 1520 erit
1279 1474 1400 1521 merces
1419 1462 1527 1520 uestra
1538 1454 1649 1531 multa,

321 1569 383 1628 et
404 1563 497 1626 eritis
519 1559 578 1626 lilii
602 1561 764 1636 altissimi,
786 1563 862 1642 quia
885 1561 954 1644 ipse
978 1562 1134 1640 benignus
1157 1568 1207 1624 est
1231 1579 1327 1642 super
1353 1567 1463 1642 gratos
1485 1569 1517 1624 et
1540 1560 1649 1624 malos.

352 1667 403 1734 36.
427 1666 540 1732 Estote
564 1666 797 1743 misericordes,
820 1667 904 1730 sicut
928 1673 961 1730 et
985 1671 1075 1748 palor
1107 1673 1216 1730 uester
1240 1668 1422 1732 miseretur.
1467 1669 1518 1732 31.
1543 1665 1650 1731 Nolite

350 1771 504 1850 iudicare,
527 1771 624 1835 etde
647 1772 739 1836 uobis
761 1789 824 1836 uon
847 1770 1060 1848 iudicabitur;
1085 1772 1184 1836 nolite
1202 1771 1421 1850 condemnare,
1444 1779 1478 1837 at
1500 1789 1561 1834 non
1578 1790 1651 1835 con-

349 1877 592 1957 demnabimini,
614 1876 767 1941 dimittite
778 1882 814 1940 et
829 1877 1042 1941 dimittemini.
1067 1879 1118 1942 38.
1136 1876 1219 1942 Date
1235 1881 1268 1940 et
1284 1876 1411 1940 dabitur
1433 1877 1538 1942 uobis:
1565 1895 1649 1940 men·

350 2000 456 2047 suram
482 1981 607 2060 bonam,
630 1980 817 2057 confertam,
845 1987 1033 2060 conmotam,
1061 1979 1339 2064 supereffluentem
1361 1981 1484 2046 dabunt
1500 1982 1530 2044 in
1547 1979 1648 2045 sinum

350 2094 506 2152 uestrum.
531 2086 653 2152 Eadem
675 2104 866 2164 mensuram,
889 2106 952 2169 qua
974 2087 1106 2162 44444444,
1129 2089 1280 2151 metietur
1302 2088 1402 2152 uolris.
1442 2088 1493 2150 39.
1519 2085 1651 2150 Dicebat

349 2199 455 2257 autem
478 2191 545 2256 illis
568 2198 602 2256 et
623 2191 866 2257 similitudinem
890 2192 1000 2256 istam:
1026 2191 1186 2271 Numquid
1210 2197 1317 2273 potest
1339 2209 1454 2256 caecus
1476 2209 1572 2258 caeco
1595 2191 1650 2254 du·

349 2304 454 2361 catum
477 2296 658 2378 praebere?
680 2313 786 2361 nonne
810 2294 903 2359 ambo
926 2295 958 2360 in
983 2295 1109 2360 foueam
1133 2296 1272 2360 cadent?
1315 2299 1368 2361 dd.
1394 2296 1463 2360 Non
1485 2303 1535 2362 est
1557 2295 1650 2360 disci-

349 2400 446 2482 pulus
466 2419 564 2482 super
586 2401 792 2480 magistrum
831 2399 996 2482 perfectus
1030 2405 1134 2464 auteur
1158 2401 1230 2476 erit,
1270 2407 1305 2466 ut
1328 2403 1371 2464 sit
1393 2401 1476 2466 sicut
1499 2401 1650 2481 magister

348 2507 428 2571 eius.
451 2508 504 2570 41.
529 2503 613 2578 Quid
636 2509 743 2570 autem
757 2505 848 2569 uides
860 2503 1017 2569 festucam
1032 2506 1064 2568 iu
1078 2505 1170 2569 oculo
1193 2504 1302 2570 fratris
1325 2505 1382 2581 tui,
1406 2506 1528 2570 trabem
1544 2512 1650 2570 autem

350 2629 432 2693 quae
455 2611 488 2675 44
510 2609 603 2675 oculo
625 2614 681 2674 tuo
702 2617 763 2691 est,
786 2629 849 2674 nou
872 2610 1069 2674 consideras.
1092 2612 1143 2674 42.
1170 2611 1234 2676 Aut
1258 2611 1415 2691 quomodo
1431 2616 1522 2692 potes
1545 2612 1650 2674 dicere

349 2715 443 2781 fratri
467 2719 533 2792 tuo,
557 2715 638 2792 sins,
672 2715 785 2780 eiciam
808 2715 963 2780 festucam
987 2715 1028 2778 de
1051 2714 1143 2780 oculo
1166 2720 1232 2788 tuo,
1268 2721 1300 2780 et
1323 2733 1399 2780 ecce
1424 2718 1455 2781 in
1480 2715 1571 2780 oculo
1595 2722 1648 2779 tuo

348 2818 451 2886 trabis
474 2819 643 2885 subiacet?
665 2818 852 2904 Hypocrita,
874 2822 942 2885 eice
965 2822 1102 2902 primum
1126 2821 1248 2884 trabem
1262 2820 1302 2884 44
1317 2821 1409 2884 44444
1425 2827 1491 2899 444,
1515 2827 1548 2886 44
1571 2825 1646 2886 4444

349 2926 512 3008 respicies,
527 2930 563 2990 ut
578 2926 697 2991 educas
709 2925 863 2991 festucam
875 2926 915 2990 de
927 2926 1019 2990 oculo
1044 2925 1152 2991 fratris
1173 2927 1234 2990 tui.
1257 2928 1308 2992 43.
1326 2924 1396 2991 Non
1410 2934 1482 2991 est.
1502 2977 1508 2987 .
1527 2978 1533 2989 .
1558 2926 1652 2991 arbor

349 3032 443 3111 bona,
455 3049 537 3112 quae
558 3029 637 3097 fecit
657 3028 782 3096 fructus
805 3030 916 3107 malos,
939 3050 1043 3111 neque
1060 3032 1175 3095 iteruin
1192 3031 1286 3095 arbor
1302 3030 1385 3096 mala
1398 3030 1518 3097 faciens
1531 3031 1651 3096 fructus

350 3135 460 3200 bonos.
482 3136 535 3199 44.
559 3134 779 3218 Unaquaeque
792 3137 887 3201 arbor
901 3156 939 3199 ex
953 3135 1058 3201 fructu
1081 3154 1140 3201 suo
1163 3141 1381 3217 cognoscetur.
1407 3136 1520 3217 Neque
1542 3136 1652 3219 legunt

350 3239 391 3305 44
405 3239 508 3323 spinis
520 3257 612 3318 uuus,
634 3256 739 3320 neque
752 3239 793 3304 de
805 3241 887 3305 rubo
902 3241 1102 3306 uindenriant
1118 3260 1222 3307 uuam.
1250 3244 1300 3307 45.
1319 3241 1427 3305 Βο444
1450 3242 1535 3307 enim
1558 3242 1650 3307 horno

351 3345 392 3407 de
413 3344 495 3409 bono
517 3343 692 3409 thensauro
706 3345 812 3410 cordis
834 3347 885 3409 sui
909 3344 1031 3428 profert
1059 3345 1189 3423 bonum,
1211 3350 1244 3411 et
1268 3346 1370 3411 malus
1393 3346 1432 3411 de
1456 3346 1539 3410 malo
1562 3346 1650 3411 then·

350 3466 447 3515 sauro
470 3448 612 3531 proferet
634 3447 726 3513 mala
750 3449 801 3513 Ex
823 3449 1020 3515 abundantia
1043 3459 1125 3517 enim
1149 3451 1254 3519 cordis
1277 3470 1312 3515 os
1335 3452 1404 3515 eius
1418 3450 1565 3531 loquitur.
1599 3454 1651 3522 46.

351 3554 435 3632 Quid
460 3558 566 3617 autem
591 3555 715 3619 uocatis
738 3572 788 3617 me
811 3554 948 3632 domiue,
981 3557 1117 3639 domine,
1149 3562 1181 3622 et
1212 3576 1274 3621 non
1300 3557 1424 3621 facietis
1448 3576 1530 3639 quae
1555 3557 1652 3621 dico?

349 3662 400 3725 47.
424 3657 546 3737 Omnis,
570 3658 627 3741 qui
649 3657 740 3723 uenit
762 3660 802 3723 ad
826 3678 876 3724 me
898 3667 933 3726 et
948 3661 1039 3727 audit
1055 3680 1216 3727 sermones
1239 3680 1326 3726 meos
1350 3660 1408 3725 hos
1431 3668 1464 3727 et
1487 3660 1565 3727 44444
1585 3680 1650 3741 444,

351 3766 517 3831 ostendam
546 3764 637 3829 uobis
660 3764 710 3828 cui
733 3763 848 3829 similis
871 3770 939 3829 est:
964 3767 1016 3832 48.
1040 3766 1154 3831 similis
1177 3772 1227 3831 est
1249 3767 1367 3831 homini
1394 3764 1575 3831 aedificanti
1598 3765 1651 3831 do·

351 3888 446 3947 mum,
470 3870 525 3949 qui
547 3868 629 3933 fodit
652 3870 683 3932 in
707 3868 805 3935 altum
836 3875 869 3934 et
891 3872 1001 3951 posuit
1023 3870 1230 3936 fundamenta
1253 3888 1351 3952 supra
1383 3878 1529 3952 petram;
1562 3872 1651 3935 iuun-

352 3975 462 4041 dantia
496 3979 603 4039 autem
633 3973 728 4056 factu,
765 3974 866 4041 allisit
895 3974 1012 4041 flumen
1047 3978 1153 4041 domui
1185 3977 1241 4057 illi,
1276 3983 1310 4040 44
1343 3995 1407 4041 444
1437 3976 1545 4058 potuit
1583 3993 1650 4039 eam

352 4097 498 4157 mouere;
531 4078 664 4145 4444444
685 4080 768 4145 enim
792 4085 864 4145 4444
884 4100 981 4162 super
1009 4088 1142 4162 petram,
1172 4084 1223 4147 49.
1249 4082 1393 4162 Numqui
1417 4081 1508 4145 audit
1530 4088 1564 4145 et
1586 4098 1648 4145 non

351 4184 438 4264 facit,
461 4184 576 4249 similis
599 4190 649 4249 est
670 4185 802 4267 homini,
826 4185 1009 4251 aedificanti
1023 4188 1150 4252 domum
1173 4206 1263 4252 suam
1287 4206 1387 4269 supra
1409 4184 1560 4251 harenam
1583 4186 1652 4251 sino

351 4287 575 4366 fundamento;
597 4288 698 4355 allisit
719 4288 837 4355 flumen
863 4292 973 4357 domui
996 4292 1054 4375 illi,
1078 4299 1111 4358 44
1134 4294 1283 4357 44444444
1317 4292 1467 4369 concidit,
1502 4295 1535 4355 et
1568 4288 1653 4355 lacta

352 4398 402 4459 est
423 4395 517 4458 ruina
540 4394 652 4459 domus
669 4443 676 4457 .
693 4445 726 4459 ..
755 4413 879 4479 magna.

456 4600 540 4670 vll.
568 4609 592 4670 l.
626 4604 670 4670 Et
698 4604 819 4672 factum
849 4613 909 4684 est,
930 4626 1000 4671 cum
1031 4608 1197 4691 implesset
1228 4610 1334 4675 omnia
1365 4606 1462 4673 uerba
1494 4606 1526 4671 iu
1559 4622 1651 4670 44444

352 4706 465 4790 plebis,
489 4710 624 4774 intrauit
635 4708 834 4778 0444444444.
860 4714 888 4776 2.
915 4711 1121 4777 Centurionis
1137 4720 1244 4779 autem
1261 4714 1425 4780 cuiusdam
1442 4730 1555 4779 seruus
1570 4711 1651 4776 male

351 4810 473 4879 habens
496 4818 566 4879 4444
594 4816 780 4893 moriturus,
813 4818 869 4899 qui
900 4815 948 4881 illi
971 4824 1040 4883 erat
1063 4820 1253 4900 praetiosus.
1292 4822 1321 4886 3.
1347 4820 1391 4885 Et
1416 4838 1485 4886 cum
1509 4816 1653 4883 audisset
