3625 5775
328 540 370 605 68
702 535 883 605 Enanqeiiunr
902 536 1052 592 secundum
1071 535 1233 592 Jobuunanr.
1535 540 1557 594 O
1584 543 1626 593 16,

329 748 502 829 nonestis,
525 746 583 814 sed
605 768 665 835 ego
688 750 770 835 elegi
801 771 858 817 uos
895 753 935 817 de
965 750 1092 830 mundo,
1115 755 1287 835 propterea
1309 752 1380 819 odit
1401 772 1459 820 uos
1481 752 1628 818 muudus.

330 856 380 920 20.
406 854 610 931 Mementote,
627 874 803 921 sermonem
817 875 911 939 quem
935 874 995 939 ego
1018 856 1084 920 dixi
1099 856 1208 922 uobis:
1232 856 1304 921 Non
1325 862 1376 924 est
1389 875 1505 923 seruus
1528 858 1631 922 maior

331 959 457 1025 domino
502 980 570 1026 suo.
617 962 650 1027 Si
675 982 724 1025 me
747 963 907 1045 persecuti
933 965 1018 1045 sunt,
1042 967 1075 1026 et
1100 980 1158 1026 nos
1180 969 1429 1045 persequentum
1459 964 1488 1028 si
1511 978 1629 1027 sermo·

330 1084 403 1129 nem
426 1084 530 1131 meum
553 1066 772 1145 seruaberunt,
797 1074 829 1131 et
852 1074 995 1133 uestrum
1018 1066 1202 1131 seruabuut.
1248 1070 1299 1131 21.
1323 1066 1387 1133 Sed
1409 1068 1490 1132 baec
1508 1064 1631 1131 1661661

331 1173 436 1235 omnis
467 1172 553 1236 circa
586 1190 644 1235 uos
675 1176 809 1255 propter
842 1190 956 1237 nornen
988 1188 1102 1249 meum,
1133 1171 1208 1252 quia
1237 1173 1384 1237 nesciunt
1406 1191 1479 1237 eunr
1501 1173 1556 1254 qui
1579 1190 1631 1236 me

331 1278 427 1342 misit.
453 1278 504 1341 22.
529 1276 562 1342 Si
585 1294 647 1340 non
678 1278 837 1341 uenissent
861 1281 893 1341 et
916 1277 1045 1342 locutus
1067 1278 1198 1343 fuissem
1221 1278 1279 1354 eis,
1303 1284 1468 1360 peccatum
1493 1294 1555 1341 non
1578 1277 1631 1341 ba·

331 1386 457 1446 herent:
505 1398 588 1445 nuuc
617 1388 723 1446 autem
756 1381 991 1445 excusationem
1015 1401 1077 1446 non
1099 1380 1219 1447 hubent
1252 1382 1291 1446 de
1312 1389 1443 1464 peccato
1466 1402 1533 1449 suo.
1579 1385 1630 1449 23.

332 1486 394 1564 Qui
417 1505 468 1549 mo
492 1486 571 1567 odit,
595 1490 628 1550 et
650 1492 774 1567 patrem
798 1504 902 1551 meum
927 1486 1002 1551 odit.
1050 1488 1101 1551 24.
1146 1483 1181 1551 Si
1212 1505 1311 1567 opera
1341 1508 1404 1552 nou
1427 1487 1573 1554 fecissem
1598 1489 1632 1552 in

334 1610 399 1666 eos,
424 1610 622 1672 quaenemo
646 1589 836 1669 6116616611,
861 1596 1026 1672 peccatum
1058 1610 1120 1654 nou
1145 1590 1317 1672 habereut3
1362 1610 1446 1657 nunu
1469 1596 1575 1658 autem
1599 1597 1633 1657 et

332 1697 484 1761 uiderunt
507 1699 540 1761 et
562 1697 634 1762 odio
659 1694 839 1761 babuerunt
863 1702 896 1759 et
920 1714 970 1760 me
1000 1700 1033 1759 et
1061 1702 1185 1776 patrem
1209 1715 1321 1760 meum.
1362 1698 1413 1764 25.
1436 1694 1500 1761 Sed
1523 1702 1561 1761 61
1575 1697 1631 1759 irn-

335 1803 460 1884 pleatur
485 1819 598 1875 sermo,
623 1800 677 1881 qui
701 1802 733 1864 in
757 1800 826 1881 lege
849 1818 958 1865 eorum
990 1800 1132 1881 scriptus
1154 1804 1222 1865 est:
1254 1804 1329 1882 quia
1358 1802 1432 1867 odio
1454 1800 1633 1865 habuerunt

334 1927 384 1972 me
407 1908 584 1987 66611626.
617 1904 695 1970 Oum
719 1922 797 1984 ergo
819 1903 946 1968 uenerit
970 1902 1160 1984 paracietus,
1190 1922 1283 1985 quern
1305 1922 1365 1987 ego
1387 1905 1511 1971 mittam
1542 1905 1634 1970 uobis

335 2017 476 2095 apatre,
509 2011 656 2093 spiritum
693 2010 851 2087 ueritatis,
876 2009 931 2090 qui
962 2027 981 2072 u
1012 2014 1102 2089 patre
1137 2026 1206 2073 meo
1229 2010 1383 2091 procedit,
1415 2010 1470 2075 1116
1491 2011 1631 2073 testimo-

335 2119 420 2182 nium
447 2114 626 2198 perhibebit
648 2115 689 2180 de
713 2134 770 2190 me,
795 2116 845 2180 21.
870 2121 903 2178 61
926 2115 1225 2181 nostestimoniunr
1249 2112 1467 2196 perhibebitis,
1491 2112 1568 2195 quia
1592 2114 1632 2179 ab

336 2224 427 2289 initio
450 2240 572 2285 mecum
596 2220 684 2286 estis.

447 2428 549 2497 XVI.
572 2434 594 2493 1.
612 2428 836 2494 Haeclocutus
852 2448 923 2493 snm
937 2428 1039 2508 uobis,
1051 2434 1087 2491 61
1100 2448 1162 2493 666
1174 2430 1445 2495 scandalizemini.
1462 2431 1491 2497 2.
1506 2429 1636 2510 Absque

338 2539 507 2623 synagogis
524 2537 642 2601 1661661
664 2552 732 2614 666,
767 2534 823 2599 sed
849 2534 939 2598 uenit
960 2532 1049 2611 hora,
1073 2539 1109 2599 61
1131 2534 1242 2613 omnis,
1273 2543 1326 2615 qui
1350 2535 1546 2601 interfecerit
1567 2552 1635 2615 uos,

339 2647 487 2713 aestimet
509 2661 543 2707 se
566 2640 751 2720 obsequium
776 2638 836 2702 deo
860 2643 1039 2719 praestare3
1077 2640 1105 2703 3,
1144 2639 1200 2704 sed
1223 2640 1302 2705 haec
1325 2638 1453 2719 facient,
1477 2640 1637 2721 quianon

338 2757 498 2818 nonerunt
515 2752 634 2829 patrem
649 2762 750 2826 neque
773 2763 831 2809 me.
856 2744 885 2807 4.
904 2743 992 2809 Η666
1015 2748 1120 2809 autem
1144 2744 1270 2811 locutus
1292 2762 1362 2809 sum
1379 2745 1481 2823 uobis,
1505 2750 1541 2809 61
1565 2763 1635 2809 cum

339 2856 465 2924 uenerit
480 2848 959 2928 horaeoruru,reminiscamini,
975 2848 1052 2931 qnia
1067 2867 1125 2930 ego
1148 2850 1214 2915 dixi
1236 2850 1337 2917 uobis.
1362 2852 1392 2915 b.
1418 2848 1505 2916 Haec
1528 2853 1635 2915 autern

340 2963 431 3028 uobis
456 2959 495 3023 61)
520 2957 611 3023 161116
635 2975 697 3021 666
722 2956 797 3034 dixi,
821 2956 895 3038 quia
919 2955 1082 3020 uobiscum
1106 2973 1210 3028 ersm;
1249 2975 1332 3021 nunc
1355 2961 1464 3021 autern
1488 2956 1571 3021 uado
1596 2956 1635 3020 ad

340 3087 422 3147 euru,
447 3067 500 3147 qni
523 3063 611 3127 misit
634 3080 696 3137 me,
728 3065 759 3124 et
782 3077 874 3125 nemo
898 3078 938 3124 ex
953 3058 1045 3125 uobis
1069 3060 1244 3138 interrogat
1275 3077 1342 3126 me:
1367 3079 1429 3141 quo
1453 3058 1569 3125 aradis?
1606 3060 1636 3123 6.

340 3173 403 3240 Sed
426 3173 501 3252 quia
522 3167 601 3232 haec
624 3166 751 3230 locutus
774 3183 843 3229 sum
868 3162 970 3243 uobis,
1001 3164 1135 3230 tristitia
1158 3164 1305 3246 impleuit
1327 3184 1381 3230 cor
1404 3171 1558 3231 uestrum.
1605 3167 1636 3231 i.

341 3278 404 3344 Sed
427 3293 485 3358 ego
510 3271 677 3337 ueritatem
702 3269 774 3332 dico
797 3266 904 3345 nebim
930 3269 1059 3349 expedit
1077 3270 1178 3346 uobis,
1202 3275 1238 3335 ut
1265 3291 1345 3349 esur,
1368 3273 1394 3336 si
1420 3290 1482 3335 666
1504 3269 1636 3336 habiero

341 3401 410 3463 ego,
433 3378 614 3462 paracletus
645 3392 707 3438 non
730 3372 838 3439 ueniet
869 3373 910 3436 ad
941 3392 1019 3437 uos:
1043 3376 1070 3438 si
1094 3381 1201 3440 autern
1235 3375 1376 3454 habiero,
1400 3377 1524 3441 mittam
1549 3374 1637 3439 illurn

342 3487 382 3552 ad
405 3503 473 3550 uos.
519 3485 538 3548 8
585 3481 628 3546 Et
652 3499 721 3544 cunr
748 3477 877 3543 uenerit
910 3477 974 3560 iile,
1006 3491 1119 3560 ar·grret
1142 3481 1293 3546 muudum
1324 3481 1364 3545 de
1386 3485 1517 3562 peccato
1542 3477 1637 3542 etde

343 3591 468 3658 iustitio
493 3594 525 3653 et
555 3587 690 3668 iudicio,
728 3585 757 3649 9.
791 3584 830 3648 de
854 3588 984 3665 peccato
1008 3584 1147 3665 quidem,
1182 3584 1341 3668 quianon
1366 3583 1555 3649 creduutin
1578 3601 1638 3660 nae,

349 3699 396 3763 10.
420 3693 460 3759 de
481 3693 609 3778 justitia
623 3709 711 3772 uero,
735 3690 810 3772 quia
832 3708 870 3754 eo
887 3689 926 3752 ad
950 3693 1082 3771 patrem,
1105 3695 1138 3754 et
1161 3690 1222 3754 iam
1247 3708 1309 3753 nou
1333 3689 1483 3753 uidebitis
1505 3689 1637 3770 nre311.

344 3804 382 3866 de
405 3799 522 3866 iudicio
546 3801 661 3872 antem,
688 3796 761 3877 quia
786 3796 934 3875 princeps
958 3794 1066 3858 mnndi
1090 3794 1185 3858 huius
1209 3793 1272 3857 iarn
1295 3793 1458 3859 iudicatus
1480 3799 1538 3858 est.
1589 3793 1637 3855 12.

345 3907 455 3972 Adbuc
478 3903 580 3967 babeo
604 3900 703 3964 multa
727 3899 817 3962 uobis
852 3899 968 3975 dicere,
992 3900 1048 3961 sed
1072 3918 1133 3963 nou
1155 3899 1291 3980 potestis
1314 3917 1353 3963 ea
1374 3903 1504 3980 portare
1536 3895 1638 3961 modo.

347 4013 395 4076 13.
415 4007 493 4074 Cum
517 4005 600 4071 enirn
623 4001 749 4068 uenerit
772 4002 827 4065 iile
856 4001 991 4082 spiritus
1021 4003 1176 4081 ueritatis,
1208 4003 1344 4067 deducet
1366 4021 1424 4067 uos
1447 4002 1479 4066 iu
1503 4002 1639 4066 ueritate

346 4113 442 4180 omni.
465 4111 535 4176 Non
556 4111 638 4175 enirn
660 4107 802 4191 loquitur
824 4125 842 4171 6
866 4106 1069 4190 semetipso,
1093 4110 1148 4172 sed
1161 4108 1249 4185 baec,
1270 4108 1464 4192 quaeaudit,
1486 4111 1639 4189 loquetur,

345 4227 377 4285 et
400 4236 481 4301 quae
513 4215 643 4280 uenient
667 4212 868 4276 adnuntiabit
892 4213 992 4278 uobis.
1041 4213 1089 4277 14.
1136 4211 1193 4276 1116
1216 4232 1266 4277 me
1289 4211 1486 4288 clarificabit,
1509 4211 1640 4292 quiade

344 4343 413 4389 meo
438 4322 573 4404 accipiet
597 4326 629 4382 61
651 4317 853 4382 adnuntiabit
875 4316 976 4381 uobis.
1006 4317 1052 4381 15.
1070 4315 1186 4381 Ornnia
1202 4335 1418 4398 quaecumque
1433 4317 1640 4398 isabetpater,

345 4447 416 4493 mea
446 4431 529 4490 sunt.
555 4423 731 4505 Propterea
754 4421 828 4486 dixi.
860 4422 934 4502 quia
959 4421 998 4484 de
1013 4439 1083 4486 meo
1103 4422 1239 4503 accipiet
1261 4427 1295 4486 61
1317 4419 1518 4487 adnuntiabit
1541 4419 1640 4485 uobis.

350 4537 397 4600 16.
423 4531 593 4606 Modicum,
617 4534 649 4593 61
679 4527 741 4592 iam
766 4545 827 4591 non
852 4525 1005 4590 uidebitis
1027 4547 1087 4609 me,
1112 4533 1144 4591 et
1167 4529 1281 4592 iterum
1305 4527 1474 4603 modicum,
1498 4531 1532 4590 et
1554 4523 1640 4590 nide-

347 4639 424 4704 bitis
447 4655 506 4701 me.
533 4637 582 4700 li.
621 4633 778 4696 Dixerunt
809 4647 884 4710 ergo
910 4630 1058 4711 discipuli
1083 4632 1214 4698 eiusad
1238 4633 1442 4697 alterutrum:
1475 4630 1560 4707 Quid
1582 4633 1640 4705 est,

348 4744 430 4825 quod
455 4743 541 4807 dicet
563 4739 670 4806 uobis:
696 4736 867 4810 Modicum,
892 4742 925 4798 et
947 4753 1008 4799 non
1033 4736 1185 4802 uidebitis
1208 4756 1268 4813 me,
1291 4738 1455 4801 etiterum
1472 4735 1641 4811 modicum,

349 4856 382 4912 et
405 4845 559 4912 uidebitis
581 4865 640 4920 me,
664 4850 697 4908 61
720 4843 795 4925 quia
818 4839 901 4905 uado
926 4840 964 4905 ad
990 4845 1123 4926 patrem.
1141 4844 1188 4907 18.
1214 4842 1296 4918 Quid
1320 4847 1371 4907 est
1392 4841 1451 4907 hoc
1466 4835 1647 4906 modicum?
