3625 5775
330 518 373 582 20
702 506 883 579 Euangeliou
902 510 1053 565 seeundum
1073 509 1252 564 Matthaenm.
1538 510 1567 562 C.
1590 517 1631 565 ll.

332 742 429 808 panes
452 728 486 790 et
508 724 586 790 duos
609 724 724 807 pisces,
775 727 821 789 18.
846 723 890 788 Et
913 723 960 786 ait
982 720 1095 788 Jesus:
1122 721 1253 788 Adferte
1276 740 1330 786 eos
1354 722 1395 787 ad
1418 740 1476 786 1111.
1516 723 1563 786 19.
1588 720 1632 785 Et

331 850 399 895 curu
423 831 573 895 iussisset
595 835 719 895 turbam
753 828 953 893 discumbere
988 845 1085 910 supra
1108 826 1226 910 fenum,
1250 827 1392 908 acceptis
1415 828 1553 908 quinque
1576 845 1631 908 pa-

331 936 424 1001 nibus
448 940 479 999 et
502 934 626 999 duobus
649 934 803 1016 piscibus,
834 934 994 1013 aspiciens
1018 934 1048 997 iu
1073 934 1205 1010 caelum,
1237 934 1401 999 benedixit
1424 940 1457 996 11
1478 930 1573 1011 fregit
1597 935 1631 994 et

332 1041 421 1106 dedit
444 1040 609 1121 discipulis
633 1038 709 1117 suis,
734 1038 881 1121 discipuli
906 1043 1013 1102 autom
1045 1045 1221 1118 posuerunt
1243 1038 1354 1104 turbis.
1402 1039 1453 1103 20.
1478 1036 1520 1100 Et
1541 1052 1629 1100 man-

332 1146 531 1211 ducauerunt
555 1161 663 1209 omnes
687 1150 720 1209 et
742 1146 878 1210 saturati
902 1148 986 1208 sunt.
1011 1144 1054 1209 Et
1076 1144 1229 1226 reliquias
1253 1144 1452 1226 collegerunt
1473 1142 1632 1223 fragmou·

332 1254 434 1315 torum
458 1250 626 1314 duodecim
649 1248 766 1314 colinus
787 1249 907 1331 plenos.
933 1250 984 1313 21.
1001 1248 1262 1313 Manducontiurn
1278 1255 1385 1314 autern
1402 1248 1464 1314 luit
1479 1264 1632 1311 numerus

335 1355 362 1419 V
386 1356 474 1419 milia
496 1353 637 1418 uirorum
651 1355 793 1435 exceptis
813 1353 922 1437 pueris
934 1359 967 1417 et
979 1352 1173 1419 mulieribus.
1190 1358 1241 1418 22.
1256 1355 1297 1421 Et
1309 1353 1418 1419 startim
1431 1353 1528 1418 Jesus
1539 1352 1633 1417 iussit

332 1459 506 1541 discipulos
522 1476 596 1523 suos
609 1458 780 1524 ascendere
794 1458 824 1522 in
838 1458 1017 1522 nauiculam
1031 1461 1064 1521 et
1075 1458 1267 1538 praecedere
1280 1464 1368 1522 trans
1380 1458 1509 1534 fretum,
1534 1455 1634 1521 ilonec

334 1565 403 1646 ipse
439 1564 617 1629 dimitteret
649 1563 770 1627 turbas.
817 1566 867 1629 23.
894 1564 936 1627 Et
960 1562 1091 1627 diruisse
1125 1562 1219 1627 turba
1253 1565 1397 1627 ascendit
1426 1563 1458 1625 in
1493 1569 1631 1625 uronlcrn

334 1668 420 1734 solus
444 1686 545 1733 oraro.
569 1668 714 1750 Uespero
739 1673 842 1733 autern
868 1666 954 1733 facto
978 1666 1066 1733 aolus
1089 1672 1158 1731 erat
1181 1666 1234 1731 ibi.
1271 1671 1322 1733 94.
1347 1666 1504 1731 Nauicula
1527 1671 1632 1729 autern

336 1774 397 1837 iam
422 1774 453 1837 in
488 1773 593 1839 medio
628 1773 707 1838 mari
743 1771 925 1838 iactabatur
960 1791 980 1837 a
1012 1770 1172 1846 fluctibus,
1207 1777 1277 1837 erat
1309 1773 1392 1836 eninr
1422 1772 1488 1836 illis
1517 1778 1634 1834 uentus

332 1879 547 1944 aduersarius.
594 1880 646 1944 25.
679 1878 802 1956 Quarta
837 1884 945 1941 autem
979 1877 1088 1957 uigilia
1123 1879 1225 1942 noctis
1260 1880 1350 1942 uenit
1383 1876 1422 1941 ad
1457 1896 1512 1941 eos
1535 1874 1631 1940 iesus

331 1982 497 2049 ambulans
520 2001 619 2065 supra
641 2001 739 2047 mare.
764 1984 816 2048 26.
839 1982 998 2047 Uidentes
1015 1987 1121 2045 autern
1138 1980 1225 2047 illum
1241 1983 1364 2047 turbati
1381 1985 1456 2047 suut
1471 1980 1630 2045 dicentes:

333 2084 415 2162 Quia
437 2086 595 2153 fantasma
619 2090 684 2165 est;
710 2092 742 2152 et
765 2088 977 2169 praetimore
1001 2086 1229 2151 clamanoruut.
1265 2088 1316 2150 21.
1341 2085 1517 2167 Statimque
1539 2084 1634 2149 lesus

333 2193 458 2258 loculus
494 2197 544 2259 est
577 2191 641 2257 illis
674 2192 799 2258 dicens:
825 2190 1016 2257 Constantes
1049 2196 1162 2273 estote,
1197 2190 1295 2256 nolite
1319 2192 1441 2268 timere,
1472 2208 1530 2271 ego
1553 2206 1632 2253 sum.

333 2300 384 2363 28.
420 2297 627 2379 Respondsns
662 2304 765 2362 autem
797 2298 826 2361 ei
851 2297 964 2362 Petrus
1004 2296 1105 2361 dixit:
1130 2298 1265 2373 domine,
1301 2296 1327 2361 si
1350 2298 1386 2359 tu
1407 2314 1451 2373 es,
1487 2296 1561 2359 iuue
1585 2312 1635 2358 me

334 2404 443 2468 uenire
466 2402 506 2465 ad
531 2406 563 2465 te
586 2420 682 2484 super
717 2420 843 2483 aquam.
889 2401 1191 2483 29.11(11[)111ἰ1;
1222 2400 1317 2465 Ueni¹
1363 2401 1406 2464 Et
1438 2397 1634 2464 descendeus

338 2508 451 2573 Petrus
475 2507 514 2572 de
536 2506 686 2572 nauicula
722 2504 903 2571 ambulabat
937 2525 1034 2587 super
1068 2525 1192 2588 aquarn,
1228 2509 1263 2571 ut
1300 2505 1426 2570 ueniret
1449 2504 1488 2568 ad
1511 2502 1633 2568 Jesum.

336 2616 388 2680 30.
411 2610 535 2678 Uideus
558 2630 634 2676 uero
659 2618 786 2676 uentum
812 2611 952 2675 ualidum
975 2610 1092 2688 timuit,
1115 2615 1149 2675 ct
1171 2628 1239 2673 curu
1264 2610 1421 2690 coepisset
1438 2608 1547 2689 mergi,
1572 2607 1633 2671 cla-

337 2719 437 2782 mauit
460 2716 587 2782 dicens:
613 2717 738 2780 domine
770 2717 891 2781 saluum
917 2714 1048 2801 mefac.
1087 2718 1137 2781 31.
1161 2716 1205 2781 Et
1228 2716 1378 2780 continuo
1401 2714 1497 2779 lesus
1521 2717 1633 2778 exten·

336 2822 413 2887 dens
432 2839 557 2885 manum
581 2820 813 2902 adpraehendit
836 2840 906 2884 eunr
931 2819 1025 2885 oluit
1048 2818 1114 2885 illi:
1139 2818 1285 2885 Modicae
1309 2817 1398 2883 fidei!
1423 2838 1522 2902 quare
1546 2818 1634 2883 dubi-

335 2927 436 2992 tasti?
458 2927 510 2992 32.
535 2925 578 2992 Ε1
602 2945 671 2991 cum
696 2927 892 2991 ascendisset
915 2927 947 2989 in
971 2925 1161 3004 nauiculam,
1185 2927 1325 2991 cessauit
1348 2931 1472 2989 uentus.
1496 2927 1546 2990 33.
1573 2923 1633 3001 Qui

334 3037 439 3096 autem
464 3033 497 3096 iu
520 3031 669 3097 nutricula
691 3035 791 3110 erant,
815 3035 973 3095 uenerunt
988 3037 1021 3096 11
1036 3030 1255 3095 adorauerunt
1278 3049 1349 3094 eum
1367 3030 1526 3094 dicentes:
1551 3028 1636 3094 Uere

334 3133 418 3201 filius
435 3135 486 3200 dei
514 3155 548 3201 es
575 3143 618 3202 tu.
643 3135 694 3200 sl.
717 3133 761 3199 Et
787 3153 856 3200 curu
888 3133 1160 3212 transfretassent,
1184 3138 1342 3198 uenerunt
1372 3133 1403 3197 in
1428 3137 1543 3197 terram
1574 3132 1635 3197 Ge·

334 3243 515 3308 uerendi).
548 3239 591 3304 Et
622 3261 690 3306 cum
715 3241 940 3322 cognouissent
959 3259 1029 3303 eum
1062 3240 1123 3303 uiri
1147 3238 1243 3315 illius,
1274 3238 1451 3305 adorabant
1481 3257 1562 3306 eum.
1593 3237 1636 3302 Et

335 3342 500 3410 confestim
537 3345 693 3411 miserunt
727 3348 758 3410 in
793 3345 974 3411 uniuersam
1008 3345 1168 3424 regionem
1204 3343 1289 3408 illam
1324 3349 1356 3406 et
1390 3342 1576 3424 optulerunt
1606 3342 1635 3405 si

337 3469 446 3516 omnes
470 3452 552 3516 male
575 3451 737 3517 babentes
770 3453 820 3516 36.
853 3451 895 3516 Et
918 3451 1073 3532 rogabant
1095 3468 1177 3528 eum,
1208 3454 1244 3513 ut
1272 3449 1324 3513 uel
1354 3448 1507 3513 fimbriam
1538 3451 1635 3512 uesti-

335 3555 431 3619 menti
455 3557 525 3621 eius
548 3562 724 3636 tangerent.
747 3555 791 3622 Et
814 3557 1005 3638 quicumque
1027 3556 1213 3638 tetigerunt,
1236 3554 1317 3619 salui
1341 3553 1417 3619 facti
1441 3557 1526 3619 sunt.

441 3760 525 3831 XV.
553 3769 579 3829 l.
603 3765 690 3830 Tunc
713 3769 916 3830 accesserunt
938 3765 979 3828 ad
1002 3785 1074 3829 euru
1098 3765 1221 3830 scribae
1245 3771 1277 3830 11
1293 3765 1434 3831 Farisaei
1460 3766 1500 3829 ab
1524 3765 1638 3831 Hiero-

338 3869 470 3951 solymis
495 3869 653 3935 dlceutes:
688 3873 718 3936 2.
743 3868 849 3946 Quare
882 3868 1029 3951 discipuli
1051 3869 1099 3934 tui
1123 3870 1400 3951 transgrediuntur
1429 3870 1635 3934 traditionem

338 3974 523 4039 seniorum?
557 3973 627 4038 Non
663 3975 746 4038 eninr
780 3972 890 4038 lauant
914 3993 1025 4038 uranus
1059 3993 1142 4053 suas,
1179 3994 1248 4038 cum
1282 3995 1397 4057 panem
1432 3976 1636 4040 manducant.

337 4081 366 4144 3.
392 4079 466 4159 lpse
490 4085 594 4142 aulem
619 4079 815 4160 respondens
838 4079 883 4143 ait
907 4078 987 4145 illis:
1011 4097 1110 4160 quare
1133 4085 1243 4144 etuas
1266 4081 1526 4164 transgredimini
1550 4098 1636 4143 man-

337 4181 445 4248 datum
470 4181 522 4246 dei
547 4189 679 4264 propter·
702 4183 904 4248 traditionem
929 4183 1093 4248 uestram?
1117 4183 1196 4247 Nam
1220 4183 1298 4248 deus
1321 4185 1418 4250 dixit:
1449 4187 1479 4249 4.
1505 4183 1636 4249 llouora

337 4293 460 4368 patrem
491 4294 579 4351 tuum
603 4293 635 4352 et
658 4291 790 4350 matrem
816 4295 910 4367 tuam,
942 4294 991 4354 et:
1021 4291 1075 4369 qui
1099 4289 1300 4354 maledixerit
1331 4293 1411 4372 patri
1445 4290 1494 4353 uel
1527 4289 1636 4368 matri,

335 4399 437 4457 morte
460 4393 626 4456 moriatur.
659 4393 687 4458 5.
715 4390 781 4456 Uos
805 4397 910 4457 autem
936 4393 1058 4457 dicitis:
1091 4393 1289 4474 Quicumque
1321 4395 1439 4459 dixerit
1470 4396 1552 4476 patri
1584 4393 1635 4457 uel
1699 4469 1705 4484 ·

336 4498 450 4561 matri:
470 4495 595 4575 corbam,
621 4496 703 4578 quod
721 4502 771 4560 est
787 4515 909 4576 munus,
933 4497 1153 4579 quodcumque
1170 4503 1272 4562 estex
1297 4518 1346 4564 me
1360 4499 1417 4562 tibi
1431 4499 1581 4579 proderit.
1607 4501 1636 4563 6.

337 4619 398 4665 uon
424 4601 650 4666 honorificarit
675 4606 795 4683 patrem
828 4619 918 4665 suurn
942 4609 975 4666 et
997 4607 1141 4681 matrem,
1166 4610 1199 4668 et
1221 4603 1344 4667 irritum
1368 4603 1472 4669 facitis
1505 4605 1636 4668 uerbum

337 4706 386 4770 dei
410 4713 543 4788 propter
566 4707 772 4772 traditionem
796 4712 945 4771 nestram.
978 4709 1007 4773 1.
1040 4707 1227 4790 Hypocrite,
1258 4707 1339 4773 bene
1370 4709 1575 4791 propbetauit
1596 4709 1637 4773 de

338 4808 429 4876 uobis
451 4810 567 4874 ¹Eseias
592 4809 721 4874 dicens:
744 4808 838 4872 Plebs
862 4809 940 4874 baec
963 4810 1059 4877 labiis
1084 4832 1133 4877 me
1158 4813 1273 4894 diligit,
1306 4822 1487 4879 curantem
1512 4813 1636 4879 illorum
