3625 5775
323 520 364 587 28
698 514 878 585 Euangeliurn
898 514 1048 571 secundum
1066 514 1246 570 Mattbsanur.
1530 512 1560 568 G.
1578 518 1626 567 20.

321 728 469 791 testatem
494 726 699 791 exercentis
723 743 786 791 eos.
812 725 863 790 26.
888 722 959 789 Non
983 726 1028 791 ita
1059 726 1120 790 erit
1143 725 1325 804 inter'uos;
1349 726 1406 790 sed
1429 726 1626 808 quicumque

324 829 464 894 uoluerit
486 832 570 896 inter
594 849 651 895 uos
664 831 764 893 maior
786 827 865 911 fieri,
890 830 954 893 crit
976 834 1086 893 uester
1102 830 1264 909 minister;
1287 833 1337 896 27.
1362 832 1465 915 etqui
1482 830 1626 896 uoluerit

323 934 407 999 inter
437 954 495 1001 uos
526 934 649 1017 primus
679 953 760 1016 esse,
796 935 858 999 erit
889 938 998 999 uester
1032 952 1155 1000 seruus.
1191 936 1241 1001 28.
1266 932 1354 1000 Sicut
1377 934 1462 1001 filius
1484 934 1626 1000 hominis

321 1057 385 1104 non
409 1039 499 1105 uenit
522 1038 704 1117 ministrari,
737 1038 793 1103 sed
817 1039 1001 1103 ministrare
1024 1043 1057 1103 et
1079 1038 1155 1103 dare
1178 1040 1315 1103 animam
1338 1058 1428 1105 suam
1450 1039 1626 1122 redempti-

320 1163 410 1209 onem
429 1164 486 1227 pro
509 1144 625 1211 multis.
652 1141 718 1209 Uos
742 1149 848 1208 autem
867 1143 1021 1226 quaeritis
1045 1143 1086 1207 de
1102 1143 1219 1224 pusillo
1236 1161 1381 1208 crescere
1398 1150 1431 1209 et
1446 1144 1485 1209 de
1500 1144 1626 1209 minore

321 1250 457 1313 maiores
481 1266 563 1314 esse.
587 1248 749 1313 latrantes
772 1253 877 1313 autem
901 1252 935 1312 et
957 1250 1059 1329 rogati
1095 1248 1135 1313 ad
1159 1266 1278 1327 cenam,
1312 1249 1412 1313 nolite
1437 1248 1626 1315 recumbere

322 1354 355 1417 in
379 1354 458 1419 locis
483 1354 755 1433 eminentioribus,
787 1372 827 1419 ne
850 1352 933 1419 torte
957 1352 1074 1417 clarior
1096 1358 1129 1418 te
1151 1354 1372 1436 superueniat;
1407 1361 1440 1419 et
1463 1354 1624 1419 adcedens

323 1458 376 1539 qui
401 1458 440 1523 ad
465 1476 572 1523 cenam
597 1458 725 1523 uocauit
748 1462 790 1535 te,
814 1456 901 1522 dicat
922 1456 999 1522 tibi:
1028 1458 1142 1523 Adhuc
1164 1457 1311 1522 deorsum
1335 1460 1461 1538 accede,
1492 1465 1522 1523 et
1547 1475 1622 1522 con·

325 1561 478 1628 fundaris.
503 1562 535 1627 Si
553 1569 659 1627 autern
677 1563 707 1627 in
725 1561 794 1626 loco
812 1561 955 1628 infcriori
972 1562 1170 1644 recubueris,
1186 1568 1220 1627 et
1235 1564 1458 1647 superuenerit
1472 1561 1623 1627 humilior

323 1671 365 1749 te,
390 1668 476 1732 dicet
499 1669 567 1749 tibi,
608 1670 660 1749 qui
686 1667 726 1731 ad
758 1685 866 1733 cenam
898 1669 1027 1732 uocauit
1048 1673 1099 1733 te:
1130 1668 1247 1734 accede
1276 1668 1382 1734 adbuc
1404 1686 1540 1733 sursum.
1580 1664 1623 1731 Et

322 1772 386 1836 erit
408 1772 468 1837 hoc
490 1772 548 1837 tihi
573 1772 693 1838 utilius.
725 1772 776 1836 29.
809 1772 852 1837 Et
874 1770 1113 1853 egredientibus
1137 1774 1183 1839 eis
1214 1773 1254 1838 ab
1277 1772 1409 1838 Jericho
1439 1778 1550 1837 secuta
1572 1778 1622 1836 est

324 1894 394 1939 euru
418 1875 513 1941 turba
537 1875 653 1955 multa;
678 1878 729 1941 30.
755 1882 788 1942 et
803 1894 877 1942 ecce
893 1876 955 1941 duo
973 1878 1059 1942 caeci
1076 1878 1225 1943 sedentes
1240 1896 1333 1943 secus
1351 1880 1433 1943 uiam
1451 1877 1623 1941 audierunt

320 1980 403 2061 quod
428 1979 525 2045 Jesus
537 1980 663 2058 transit,
690 1985 723 2045 et
739 1982 960 2046 clamauerunt
976 1982 1136 2047 dicentes:
1160 1984 1312 2047 miserere
1327 1982 1429 2064 nobis,
1445 1980 1488 2046 lili
1507 1981 1621 2046 llauid.

322 2086 374 2151 31.
399 2084 506 2150 Turba
529 2091 635 2151 aulem
662 2087 846 2168 increpabat
870 2105 925 2151 eos
949 2091 984 2151 ut
1006 2092 1155 2153 tacerent.
1182 2089 1231 2153 Ad
1256 2088 1304 2153 illi
1328 2089 1428 2170 magis
1444 2086 1623 2153 clamabant

321 2190 480 2256 dieentes:
506 2191 641 2267 domine,
665 2192 818 2256 miserere
849 2192 950 2265 nobis,
975 2190 1018 2255 fili
1044 2192 1159 2258 Dauid.
1195 2194 1427 2258 tentaterit
1456 2190 1564 2271 lesus,
1588 2200 1621 2257 et

322 2295 451 2359 uocauit
473 2300 507 2361 et
529 2297 590 2362 ait:
627 2296 709 2373 Quid
742 2294 840 2361 uultis
865 2296 980 2361 laciam
1004 2300 1119 2363 uobis?
1153 2300 1194 2362 33
1240 2299 1356 2361 Dicunt
1387 2296 1448 2362 illi:
1482 2298 1618 2376 domine,

321 2400 553 2481 utaperiantur
577 2400 660 2465 oculi
684 2402 793 2465 nostri.
818 2403 869 2466 34.
895 2400 1050 2465 Misortus
1073 2406 1178 2466 autent
1197 2402 1321 2467 illorum
1337 2400 1433 2469 lesus
1454 2409 1486 2465 et
1512 2403 1623 2483 tetigit

320 2504 429 2569 oculos
453 2524 571 2569 eorum.
597 2504 638 2569 Et
662 2504 826 2569 confestim
851 2504 1002 2571 uiderunt
1025 2515 1057 2570 et
1080 2510 1184 2572 secuti
1208 2514 1283 2573 sunt
1305 2526 1387 2571 eum.

424 2712 525 2779 XXI.
563 2718 590 2777 l.
615 2713 657 2777 Et
679 2713 799 2778 factum
831 2720 881 2779 est
905 2734 974 2779 cunr
1005 2717 1294 2799 adpropinquasset
1318 2714 1556 2799 Hierosolymis,
1589 2722 1621 2778 et

320 2818 483 2885 benissent
514 2819 546 2881 in
578 2819 766 2902 Bethphage
797 2822 827 2884 in
860 2830 997 2886 urentem
1021 2821 1151 2901 oliueti3
1188 2828 1263 2887 tunc
1294 2820 1391 2887 lesus
1422 2822 1509 2886 misit
1540 2822 1620 2885 duos

320 2923 494 3006 discipulos
518 2943 593 2988 suos
617 2925 744 2990 dicens:
771 2927 799 2989 2.
825 2927 873 2991 lte
897 2929 928 2992 in
953 2928 1130 3012 castellum,
1162 2929 1248 3009 quod
1272 2934 1383 2992 contra
1413 2947 1471 2992 uos
1495 2932 1554 3004 est,
1589 2932 1622 2990 ct

321 3028 493 3094 inuenietis
517 3029 637 3094 asinam
670 3029 832 3110 alligatam
865 3037 896 3096 et
927 3033 1046 3114 pullum
1071 3052 1141 3097 curn
1174 3053 1228 3110 ea3
1252 3033 1368 3097 soluite
1405 3041 1439 3096 et
1471 3030 1621 3097 adducite

322 3135 411 3217 mihi,
437 3135 466 3198 3.
492 3141 524 3198 et
548 3135 658 3215 siquis
683 3135 773 3199 uobis
797 3136 917 3218 aliquid
942 3136 1070 3212 dixerit,
1094 3137 1192 3200 dicite
1214 3138 1289 3218 quia
1324 3137 1470 3202 dominus
1493 3155 1621 3218 operam

322 3258 432 3304 eorum
459 3240 631 3318 desiderat,
655 3246 687 3304 et
707 3239 873 3304 confestim
890 3243 1031 3307 remittet
1055 3261 1119 3307 eos.
1144 3247 1174 3308 4.
1199 3241 1268 3306 Hoc
1292 3249 1397 3307 autern
1420 3241 1538 3306 factum
1561 3247 1621 3320 est,

322 3350 357 3408 ut
381 3343 569 3428 impleretur
591 3346 674 3426 quod
700 3346 817 3409 dictum
843 3354 892 3411 est
916 3366 974 3427 per
998 3347 1185 3428 prophetam
1210 3347 1384 3412 dicentem:
1417 3347 1513 3412 dicite
1536 3343 1621 3408 filiae

322 3449 414 3515 Sion:
446 3453 476 3515 5.
501 3449 585 3514 Ecce
610 3467 664 3512 rex
690 3455 765 3514 tuus
789 3450 878 3514 uenit
908 3452 965 3515 tibi
997 3458 1183 3517 mansuetus
1221 3453 1335 3518 sedens
1368 3470 1465 3535 super
1500 3449 1621 3532 pullum

322 3555 431 3620 asinae
455 3554 615 3619 nobellum
641 3555 848 3636 subiupalem¹
872 3557 903 3620 6.
929 3555 1051 3622 Euntes
1074 3564 1180 3621 autom
1205 3557 1354 3639 discipuli
1371 3557 1515 3622 lecerunt
1537 3557 1622 3620 sicut

319 3660 484 3740 praecepit
508 3659 571 3723 illis
595 3659 699 3724 lesus.
734 3661 761 3723 7.
787 3659 828 3723 Et
860 3660 1061 3724 adduxerunt
1092 3663 1213 3726 asinam
1237 3668 1269 3727 et
1296 3660 1426 3744 pullum,
1458 3667 1490 3726 ot
1521 3661 1619 3740 impo-

321 3769 455 3828 suerunt
481 3782 576 3846 super
593 3783 663 3828 eum
682 3763 874 3828 uestirrrenta
889 3770 922 3829 et
937 3766 1071 3831 sedebat
1085 3785 1182 3850 super
1198 3786 1279 3830 eum.
1304 3769 1323 3832 8
1357 3766 1498 3830 Plurima
1514 3772 1621 3828 autem

322 3866 416 3931 turba
440 3873 625 3933 strauerunt
649 3871 838 3934 uestimenta
866 3889 924 3934 sua
958 3872 989 3934 in
1015 3873 1082 3949 uia3
1114 3872 1169 3936 alii
1200 3879 1305 3936 autern
1330 3872 1485 3935 cedebant
1514 3888 1622 3936 ramos

324 3972 363 4036 do
388 3973 553 4039 arboribus
577 3980 610 4038 et
622 3975 807 4039 sternebant
830 3974 860 4038 io
875 3976 944 4054 uia;
969 3977 998 4039 9.
1022 3977 1134 4041 turbae
1148 3983 1264 4057 autem,
1292 3997 1374 4060 quae
1387 3977 1622 4058 praecedebant

322 4083 354 4141 et
377 4096 460 4159 quae
483 4079 707 4160 sequebantur,
732 4080 921 4158 clamabant,
945 4081 1104 4147 dicentes:
1130 4081 1275 4147 Ossanna
1292 4082 1357 4146 iilio
1381 4081 1502 4166 Dauid;
1526 4081 1622 4148 hene·

321 4183 425 4248 dictus
448 4185 501 4265 qui
533 4183 623 4248 uenit
646 4185 677 4248 in
701 4184 827 4248 nornine
848 4186 985 4264 domini;
1010 4204 1148 4251 ossanna
1171 4188 1202 4251 in
1220 4187 1394 4252 altissimis.
1421 4189 1469 4252 10.
1493 4185 1622 4251 Etcum

324 4290 476 4353 intrasset
498 4285 732 4372 Hierosolyma,
756 4296 912 4356 commota
927 4297 977 4357 est
993 4294 1145 4356 uniuersa
1162 4292 1275 4357 ciuitas
1292 4293 1451 4357 dicentes:
1478 4295 1526 4356 11.
1544 4288 1622 4366 Quis

320 4398 370 4458 est
392 4392 468 4457 hic?
502 4393 597 4459 hiulti
620 4398 725 4460 autem
750 4395 916 4461 dixerunt:
949 4397 1010 4461 Hic
1040 4403 1090 4461 est
1114 4397 1210 4462 Jesus
1232 4400 1389 4481 propheta
1410 4415 1429 4461 a
1451 4395 1622 4476 Nazareth,

320 4496 493 4566 Galilaeae.
529 4502 577 4564 12.
610 4500 653 4564 Et
676 4501 808 4564 intrauit
838 4499 936 4566 Jesus
959 4503 991 4564 in
1016 4503 1169 4583 templum
1201 4507 1234 4566 et
1256 4503 1392 4567 eiciebat
1415 4521 1522 4567 omnes
1546 4522 1622 4566 uen-

321 4603 433 4668 dentes
457 4608 488 4669 et
517 4611 657 4670 ementes
682 4604 712 4669 in
729 4605 894 4684 templum,
912 4611 944 4669 et
959 4625 1085 4671 mensas
1102 4606 1383 4671 nummulariorum
1407 4614 1439 4672 et
1455 4606 1623 4672 cathedras

324 4707 530 4775 pendentium
555 4709 716 4775 columbas
741 4709 869 4788 euertit,
895 4709 944 4774 13.
970 4715 1003 4774 et
1026 4711 1107 4775 dixit
1130 4710 1211 4778 illis:
1236 4712 1395 4795 Scriptum
1421 4719 1486 4778 est:
1511 4713 1623 4777 domus

323 4832 393 4877 mea
417 4815 528 4882 domus
559 4814 714 4879 orationis
745 4815 924 4898 uocabitur,
956 4835 1013 4879 uos
1044 4822 1149 4882 autem
1181 4817 1305 4884 lecistis
1336 4837 1406 4880 eam
1437 4818 1621 4900 speluncam

1778 349 1788 399 l

1781 465 1788 512 l
