3625 5775
192 502 221 563 G.
240 512 265 559 3.
579 506 761 576 Euangelium
779 508 931 563 secundum
949 508 1129 565 northusum.
1472 516 1495 581 3

192 734 324 796 regnum
348 717 516 783 caelorum.
563 720 592 783 3.
619 716 679 783 Hic
701 726 751 783 est
774 719 857 783 enim
889 720 929 783 de
957 738 1019 801 qun
1050 721 1171 785 dictum
1201 726 1251 784 est
1283 738 1340 800 per
1362 721 1493 787 Essiam

192 821 393 905 prophetem:
434 842 493 887 vox
523 822 691 889 clamantis
723 825 754 887 in
786 823 932 889 deserte:
967 831 1079 904 parate
1109 824 1196 889 uiam
1227 824 1357 909 domini,
1388 830 1494 891 rectas

191 925 286 991 facite
320 928 450 993 semitas
484 927 536 993 dei
567 928 667 993 nostri
692 977 828 993 .....
876 928 905 993 4.
938 929 1012 1010 Ipse
1046 933 1152 995 autem
1182 927 1346 994 lohannes
1379 929 1492 996 habuit

191 1031 341 1097 uestitum
372 1083 509 1099 .....
550 1030 754 1098 camellorum
786 1037 819 1097 et
848 1052 929 1097 zerra
962 1031 1090 1114 pellicia
1123 1034 1207 1099 circa
1249 1033 1371 1100 lumbos
1402 1035 1490 1115 eius3

190 1153 265 1201 esca
286 1141 391 1202 autem
415 1137 485 1203 eius
508 1142 576 1201 erat
599 1137 743 1202 lucustae
766 1142 799 1201 et
823 1137 884 1203 mel
909 1136 1086 1203 siluestres.
1115 1141 1146 1206 5.
1169 1139 1257 1205 Tunc
1280 1139 1429 1207 exiebant
1452 1141 1493 1208 ad

189 1259 262 1307 enm
289 1261 327 1307 cx
356 1240 585 1325 Hierosolymis
608 1243 710 1307 omnis
736 1240 862 1307 iudaea
889 1247 921 1308 et
946 1246 1135 1326 omnesqui
1162 1246 1365 1311 morabantur
1409 1246 1493 1311 cirea

190 1346 363 1423 dardanen,
396 1352 426 1414 6.
450 1352 483 1413 et
505 1345 749 1429 baptizabantur
774 1397 781 1412 .
807 1399 812 1410 .
902 1397 909 1409 .
935 1346 1248 1417 danen'cnntitentes
1271 1356 1403 1434 peccata
1425 1368 1492 1416 sus.

191 1454 218 1515 7.
242 1450 364 1517 Uidens
387 1458 496 1518 eutem
521 1452 638 1517 multos
661 1452 906 1521 Pharisaeorum
923 1451 1234 1523 etSaclducaenrum
1257 1456 1428 1523 uenientes
1451 1456 1492 1521 ad

189 1556 384 1639 baptismum
404 1576 507 1641 suum,
539 1556 620 1623 dixit
642 1558 706 1623 eis:
735 1558 904 1640 progenies
935 1559 1127 1643 uiperarum,
1159 1561 1231 1642 quis
1262 1560 1493 1627 demonstrauit

189 1660 282 1727 uubis
305 1660 416 1743 lugere
445 1662 485 1728 ab
516 1663 564 1727 ira
595 1662 724 1728 lutura?
762 1664 792 1729 8.
816 1662 913 1729 facite
943 1680 1021 1745 ergo
1052 1662 1190 1730 fructum
1222 1666 1353 1748 dignum
1383 1664 1492 1748 paeni-

188 1768 326 1835 tentiae:
351 1770 380 1834 9.
405 1772 439 1834 et
453 1767 551 1833 nolite
567 1767 729 1849 praeferre
745 1787 803 1835 uos
819 1768 980 1844 dicentem
1006 1775 1127 1851 patrem
1150 1768 1303 1836 habemus
1318 1769 1488 1835 Abraham.

189 1874 267 1938 Dice
288 1874 371 1939 enim
395 1871 486 1939 uobis
509 1872 657 1955 queniam
679 1878 795 1957 potens
818 1879 869 1939 est
883 1872 963 1939 dens
987 1893 1026 1939 ex
1048 1873 1208 1956 lapidibus
1240 1875 1312 1941 istis
1336 1875 1492 1941 suscitare

189 1976 271 2043 lilios
294 1977 451 2043 Abrahae.
491 1980 538 2045 10.
562 1978 633 2043 Jam
658 1979 743 2043 enim
766 1980 890 2045 securis
921 1978 962 2044 ad
986 1979 1112 2047 radices
1133 1978 1281 2045 arborum
1303 1980 1409 2062 posita
1432 1983 1490 2045 est.

188 2082 300 2149 Omnis
331 2101 406 2165 ergo
436 2082 531 2148 arbor
554 2102 617 2148 nen
640 2082 760 2153 iaciens
786 2083 923 2150 fructum
950 2085 1074 2168 bonum,
1099 2084 1266 2151 excidetur
1276 2088 1310 2151 et
1330 2085 1364 2149 in
1388 2084 1492 2165 ignem

186 2190 341 2255 mittetur.
367 2190 414 2255 ll.
440 2187 508 2273 Ego
530 2189 658 2271 quidem
681 2189 808 2271 baptizo
833 2209 890 2256 uos
912 2189 946 2254 in
969 2208 1084 2274 aquarn
1107 2190 1139 2255 in
1166 2188 1412 2274 paenitentiam
1436 2189 1491 2274 qui

185 2298 291 2359 autern
306 2297 378 2375 post
392 2312 444 2359 mc
459 2293 550 2359 uenit
571 2293 682 2359 fortior
705 2314 755 2361 me
778 2300 836 2375 est,
860 2296 953 2361 cuius
975 2314 1039 2361 nnn
1061 2313 1132 2361 sum
1147 2295 1261 2377 dignm
1278 2278 1488 2362 calciamenta

186 2404 324 2483 portare,
342 2400 410 2481 ipse
434 2418 490 2465 uos
514 2399 688 2481 baptisauit
719 2399 751 2465 in
774 2402 889 2483 spiritu
915 2452 923 2468 .
948 2450 979 2465 ..
1006 2402 1056 2468 12.
1080 2401 1135 2482 qui
1157 2399 1255 2467 habet
1277 2399 1489 2467 uentilabrum

175 2508 219 2571 ·in
242 2523 336 2571 manu
359 2523 426 2586 sua,
454 2510 486 2571 et
508 2506 735 2587 permundauit
765 2526 873 2572 aream
895 2524 986 2573 snam
1008 2510 1042 2574 st
1059 2507 1268 2589 congreganit
1290 2505 1431 2573 triticum
1456 2506 1487 2569 in

186 2610 300 2676 horreo
323 2628 390 2690 suo,
415 2611 524 2693 paleas
548 2616 653 2676 autern
678 2610 841 2678 comburet
861 2613 925 2695 igni
942 2610 1186 2693 inextinguibili.
1214 2613 1261 2677 13.
1286 2608 1373 2675 Tunc
1394 2610 1485 2676 uenit

186 2716 282 2783 lesus
304 2736 323 2781 a
346 2714 490 2783 Galilaea
513 2716 553 2781 ad
576 2716 742 2783 lohannes
775 2723 811 2783 ut
841 2718 1058 2801 baptizeretur
1080 2715 1121 2781 ab
1143 2733 1181 2781 eo
1206 2715 1238 2779 in
1261 2713 1422 2787 Jordanen
1436 2763 1442 2777 .
1458 2764 1487 2780 ..

189 2824 236 2889 14.
261 2840 332 2886 enm
354 2821 517 2889 lohannes
539 2821 668 2890 dicens:
693 2841 752 2904 ego
775 2842 794 2887 a
817 2827 850 2889 te
874 2822 974 2890 debeo
997 2820 1163 2906 baptizari,
1187 2825 1220 2884 et
1243 2824 1277 2885 tn
1307 2818 1426 2885 uenisti
1448 2819 1489 2885 ad

185 2927 259 2992 me?
305 2927 349 2994 15.
382 2927 591 3010 Respondens
622 2931 727 2992 autem
761 2927 856 2994 Jesus
888 2928 970 2994 dixit
998 2927 1045 2992 ei:
1083 2926 1154 2992 sine
1184 2925 1287 3005 morlo,
1322 2925 1369 2990 sic
1405 2926 1489 2990 enirn
1588 2995 1592 3004 ι

185 3037 313 3115 oportet
343 3050 401 3098 nos
431 3031 564 3113 implere
595 3050 719 3099 onmem
753 3033 922 3098 iustitiam.
973 3033 1021 3099 16.
1051 3031 1140 3097 Tunc
1173 3028 1297 3096 dimisit
1330 3047 1418 3108 eum;
1456 3035 1489 3094 et

186 3136 349 3220 baptizato
372 3136 461 3217 Jesn,
493 3136 659 3202 confestim
692 3136 838 3203 ascendit
868 3137 906 3202 de
929 3155 1021 3220 aqna.
1067 3134 1110 3201 Et
1132 3153 1204 3200 ecee
1229 3134 1331 3216 aperti
1362 3133 1486 3200 suntsi

188 3243 279 3322 caeli,
314 3248 347 3308 et
377 3243 458 3309 uidit
488 3242 634 3324 spiritum
666 3241 718 3308 dei
746 3241 992 3308 descendentem
1023 3241 1062 3307 de
1086 3240 1173 3306 caelo
1205 3240 1288 3306 sicut
1310 3237 1486 3306 columbam

187 3347 364 3414 uenientem
389 3349 430 3414 in·
444 3347 558 3431 ipsum.
594 3346 638 3412 Et
661 3365 752 3414 ecee:
775 3365 839 3414 nox
863 3347 902 3413 de
925 3347 1013 3412 caelo
1036 3347 1143 3413 dicens
1166 3345 1206 3411 ad
1229 3361 1319 3410 eum:
1355 3340 1416 3412 Hic
1437 3347 1488 3412 eat

187 3451 270 3520 filins
293 3471 382 3519 meus
406 3452 541 3518 dilectus
565 3453 597 3518 in
621 3471 682 3536 quo
706 3453 786 3519 bene
810 3452 996 3536 complacui.

288 3659 353 3730 lV.
381 3665 407 3727 1.
431 3662 519 3728 runc
542 3661 639 3728 Jesns
663 3663 778 3729 ductus
801 3665 852 3728 est
874 3663 906 3727 in
923 3660 1085 3728 desertum
1108 3659 1147 3724 ab
1171 3659 1286 3740 spiritu
1303 3664 1338 3724 ut
1352 3662 1486 3741 tempta·

187 3771 274 3834 retur
298 3785 318 3831 a
340 3766 476 3832 diabulo.
523 3771 552 3832 2.
577 3767 711 3833 Etcum
743 3768 918 3834 ieiunasset
940 3765 1006 3830 XL.
1033 3764 1145 3830 diebus
1175 3768 1209 3829 et
1239 3763 1305 3830 xl..
1330 3763 1487 3843 uectibus,

185 3878 299 3956 postea
321 3873 447 3938 esuriit.
469 3874 498 3937 3.
523 3873 566 3937 Et
587 3873 724 3940 accessit
747 3873 786 3938 ad
810 3892 882 3940 eum
907 3857 1078 3954 temptator
1099 3876 1134 3937 et
1155 3869 1236 3937 dixit
1257 3867 1322 3935 illi:
1346 3868 1380 3935 Si
1402 3867 1487 3934 tilius

185 3976 236 4043 dei
260 3997 304 4056 ee,
329 3977 380 4042 dic
404 3982 439 4042 ut
462 3977 587 4064 lapides
601 3976 654 4044 isti
672 3995 770 4060 panes
787 3976 873 4042 fient.
908 3977 939 4043 l.
967 3975 1026 4040 Cui
1048 3976 1245 4058 respondens
1268 3973 1350 4040 dixit
1371 3973 1484 4040 Jesus:

186 4081 344 4165 Scriptum
367 4086 430 4148 est:
455 4081 525 4148 Non
548 4083 581 4148 in
604 4103 687 4166 pane
703 4086 825 4149 tanturn
842 4083 932 4149 uiuet
947 4082 1039 4147 homo
1057 4131 1064 4146 .
1082 4133 1089 4148 .
1107 4130 1113 4145 .
1132 4081 1229 4147 uerbo
1253 4080 1313 4146 dei.
1338 4083 1369 4148 b.
1395 4080 1486 4146 Tunc

185 4188 362 4268 adsumpsit
392 4206 464 4253 eum
488 4187 632 4254 diabolus
664 4189 696 4253 in
720 4191 861 4254 sanatam
885 4188 1050 4253 ciuitatem
1080 4191 1113 4252 et
1142 4186 1256 4252 statuit
1287 4203 1360 4250 eum
1389 4203 1486 4266 supra

184 4293 309 4376 pinnam
326 4294 436 4375 templi
459 4299 492 4358 et
505 4292 584 4358 dixit
600 4293 647 4360 ei:
666 4291 699 4357 si
717 4290 801 4359 lilius
818 4293 870 4357 dei
886 4310 932 4370 es,
949 4293 1041 4357 mitte
1056 4295 1090 4356 te
1104 4291 1260 4356 deorsum.
1278 4293 1307 4357 6.
1325 4289 1484 4372 Scriptum

186 4407 237 4466 est
258 4400 358 4464 enim:
383 4400 465 4482 quod
490 4399 612 4482 angelis
635 4399 702 4464 suis
722 4397 887 4464 mandauit
911 4397 951 4463 de
973 4404 1016 4476 te,
1041 4401 1077 4462 ut
1100 4397 1292 4461 inmanibus
1314 4395 1431 4462 tollant
1452 4403 1485 4464 te

188 4523 228 4570 ne
250 4503 332 4570 lorte
357 4553 364 4567 .
390 4551 396 4566 .
421 4555 427 4568 .
451 4503 590 4586 lapidem
612 4503 725 4584 pedem
749 4506 848 4568 tuum
873 4505 901 4568 7.
926 4503 983 4569 dit
1004 4501 1052 4566 illi
1076 4499 1211 4566 iterum:
1235 4500 1395 4581 Scriptum
1417 4504 1483 4566 eet:

190 4609 259 4675 Non
279 4609 450 4692 temptabis
467 4609 627 4675 lominum
644 4608 737 4674 deuna
754 4613 852 4673 tuum.
877 4611 905 4674 8.
922 4604 1041 4672 lterum
1057 4607 1237 4688 adsumpsit
1252 4624 1323 4671 eum
1339 4605 1484 4672 diabolus

184 4717 214 4779 in
238 4718 377 4780 montem
401 4715 560 4781 excelsum
592 4713 695 4793 ualde,
718 4719 750 4778 et
773 4712 915 4780 ostendit
937 4713 966 4776 ei
990 4713 1095 4777 omnis
1118 4730 1215 4795 regna
1239 4709 1350 4775 mundi
1372 4715 1405 4776 et
1427 4710 1483 4777 lm·

182 4837 289 4886 nerem
320 4837 438 4900 earum,
473 4819 502 4884 9.
527 4823 560 4884 et
590 4818 671 4884 dixit
693 4818 757 4884 illi:
797 4817 886 4884 Haec
916 4815 1022 4883 omnis
1051 4818 1111 4884 tibi
1133 4817 1226 4896 dabo,
1258 4816 1285 4881 si
1315 4816 1483 4897 procidens

1296 4954 1328 5009 l*
