3625 5775
355 533 416 597 130
749 525 927 595 Euangeiium
948 525 1097 580 serrandum
1116 523 1250 580 Marsum.
1575 523 1603 579 G.
1624 527 1650 576 8.

352 739 412 815 Qui
448 737 612 803 dixerunt:
648 737 785 818 Septem.
821 739 851 802 6.
889 737 931 800 Et
968 735 1133 818 praecepit
1166 737 1280 801 turbae
1316 735 1518 800 discumbere
1552 753 1650 816 supra

352 849 490 920 terrum3
526 849 560 906 et
583 842 744 922 arripiens
768 841 828 906 vlt
862 860 972 922 panes,
1004 842 1125 923 gratias
1149 860 1256 921 agens,
1292 842 1465 914 benedixit.
1498 839 1595 922 fregit
1617 845 1649 904 et

351 949 442 1012 dedit
464 947 632 1025 discipulis
655 949 730 1028 suis,
755 951 790 1010 ot
805 947 1012 1026 adponerent,
1036 946 1076 1010 ed
1103 946 1321 1027 adposuerunt
1348 945 1461 1010 turbis.
1486 948 1515 1009 7.
1540 944 1647 1009 Habu-

352 1058 445 1116 erunt
461 1059 567 1116 autem
591 1058 623 1115 et
647 1051 726 1115 riuos
742 1050 916 1132 pisciculos
941 1055 974 1114 et
997 1051 1084 1132 ipsos
1107 1051 1271 1114 benedixit
1293 1057 1325 1114 et
1348 1051 1444 1115 iussit
1467 1049 1592 1131 adponi.
1618 1052 1648 1114 8.

354 1157 395 1220 Et
417 1155 693 1220 mandueauerunt
715 1161 749 1218 et
770 1155 906 1220 saturati
930 1161 1014 1236 suut,
1038 1161 1070 1218 et
1093 1155 1299 1231 sustulerunt,
1317 1155 1401 1235 quod
1426 1158 1646 1236 superauerat,

352 1265 475 1343 septem
499 1264 629 1342 sportas
652 1260 910 1338 fragmentorum.
936 1261 964 1322 9.
983 1259 1085 1323 Erant
1101 1265 1216 1334 autem,
1241 1261 1295 1341 qui
1313 1259 1585 1322 nrauduraueraut
1606 1259 1648 1320 ad.

354 1370 507 1446 qriattuor
529 1365 617 1430 mitia
633 1366 806 1446 bominum,
829 1371 861 1428 et
884 1364 1006 1428 dimisit
1030 1383 1094 1430 eos.
1124 1369 1170 1429 10.
1197 1365 1238 1428 Et
1254 1366 1323 1444 ipse
1340 1365 1516 1428 ascendens
1533 1381 1648 1426 nauem

352 1489 420 1534 oum
444 1469 613 1551 discipuiis
643 1470 708 1533 suis
738 1470 828 1533 uenit
859 1471 889 1532 in
915 1473 1037 1551 partem
1063 1467 1240 1549 bingedaru.
1284 1473 1329 1533 11.
1364 1468 1518 1532 Exierunt
1541 1473 1648 1532 autem

351 1573 516 1638 Pharisaei
539 1580 571 1638 et
593 1580 769 1656 coeperunt
799 1576 986 1655 conquirere
1011 1593 1082 1638 cum
1105 1591 1142 1636 eo
1166 1578 1355 1655 quaerentes
1378 1574 1417 1638 ab
1442 1574 1497 1637 ido
1520 1573 1647 1655 siguum

352 1677 392 1742 de
415 1678 513 1758 caelo,
536 1683 732 1760 temptantes
754 1697 837 1742 eum.
874 1681 920 1743 12.
954 1677 996 1742 Et
1019 1679 1181 1760 ingemens
1206 1677 1237 1741 in
1261 1679 1377 1759 spiritu
1401 1679 1463 1742 ait:
1488 1677 1573 1755 Quid
1595 1695 1651 1758 ge·

353 1783 476 1847 neratiu
499 1785 626 1865 quaerit
648 1785 797 1867 signum?
829 1785 928 1848 dinen
943 1783 1011 1848 dioo
1035 1783 1135 1866 uobis,
1171 1785 1198 1848 si
1222 1783 1348 1848 dabitur
1371 1783 1571 1865 generationi
1594 1783 1650 1846 isti

353 1888 488 1969 siguum.
528 1889 577 1953 13.
599 1888 643 1953 Et
667 1888 797 1953 missum
821 1888 943 1952 faciens
967 1887 1049 1966 illos,
1072 1893 1104 1952 et
1128 1887 1323 1952 adscendens
1345 1907 1459 1952 nauem
1483 1887 1573 1965 abiit,
1599 1887 1649 1951 14.

353 1997 385 2057 et
407 1990 499 2056 obliti
536 1999 610 2057 sunt
644 2011 748 2057 emere
784 2011 892 2074 panes,
929 1998 961 2057 et
984 1993 1063 2056 nibil
1095 1993 1230 2072 amplius
1263 1992 1432 2070 habebant,
1468 1993 1527 2056 uisi
1551 2011 1650 2055 uuum

353 2116 475 2178 panem,
500 2116 592 2177 quem
616 2116 724 2163 serum
749 2097 911 2162 habebant
933 2099 964 2162 in
988 2115 1080 2161 naue.
1117 2101 1163 2162 15.
1197 2097 1239 2161 Et
1262 2098 1428 2179 praecepit
1450 2099 1498 2162 eis
1521 2095 1650 2160 diceus:

352 2201 472 2268 Uidete
496 2201 687 2267 afermento
709 2202 953 2267 Pharisaeorum
978 2207 1011 2266 et
1034 2202 1191 2267 fermento
1215 2201 1363 2267 Herodis.
1393 2205 1441 2267 16.
1467 2201 1510 2266 Et
1531 2201 1652 2281 cogita-

352 2307 430 2371 bant
459 2305 499 2370 ad
522 2308 721 2384 alterutrum,
752 2308 836 2388 quod
861 2326 960 2389 panes
990 2325 1052 2372 non
1084 2306 1245 2372 baberent.
1288 2309 1336 2370 li.
1361 2307 1430 2383 Quo
1455 2305 1582 2389 cognito
1605 2307 1653 2369 ait

352 2412 417 2476 illis
432 2411 545 2477 Jesus:
571 2412 653 2489 Quid
670 2414 818 2494 rogitatis
842 2412 875 2477 in
899 2412 1048 2477 cordibus
1064 2414 1192 2488 uestris,
1217 2414 1291 2493 quia
1307 2429 1406 2494 panes
1422 2430 1483 2475 nou
1499 2409 1653 2474 habetis?

352 2518 492 2581 noudum
523 2516 712 2600 intelligitis,
746 2535 805 2582 nec
836 2517 1043 2600 perspicitis?
1074 2518 1119 2582 sio
1150 2517 1263 2582 obtusa
1295 2521 1370 2581 sunt
1400 2515 1496 2581 eorda
1520 2513 1653 2580 uestra?

358 2623 404 2686 18.
430 2620 539 2686 oculos
561 2621 727 2700 habentos,
762 2641 824 2686 non
847 2621 993 2686 uidetis?
1026 2624 1060 2686 et
1091 2638 1183 2687 aures
1216 2621 1379 2699 babentes,
1414 2640 1476 2685 uon
1508 2619 1653 2684 auditis?

352 2724 420 2789 Neo
442 2725 633 2790 meministis
667 2726 707 2791 de
731 2727 757 2790 V
781 2726 926 2808 panibus,
964 2727 1012 2792 19.
1050 2744 1127 2808 quos
1150 2725 1229 2807 fregi
1265 2726 1296 2789 in
1320 2727 1458 2808 quinque
1482 2724 1571 2789 milia
1592 2726 1651 2789 ho·

353 2829 497 2895 minum?
532 2849 572 2896 ex
603 2831 717 2914 quibus
751 2837 831 2913 quot
868 2829 1022 2914 cophinus
1055 2831 1306 2913 fragmentorum
1341 2831 1485 2897 tulistis?
1521 2829 1569 2895 dd
1603 2829 1651 2895 idi

354 2936 503 3000 dixerunt
526 2934 595 2999 VII.
631 2940 682 3000 21.
716 2937 760 3001 Et
783 2938 829 3001 ait
852 2936 932 3002 iliis:
972 2936 1129 3017 quomodo
1159 2954 1220 3000 uon
1252 2936 1484 3001 intellexistis?
1519 2938 1570 3001 22.
1607 2936 1651 3001 Et

354 3044 513 3105 uenerunt
541 3040 736 3119 Betsaidam‚
767 3046 800 3107 et
830 3040 982 3106 adferunt
1006 3042 1034 3105 ei
1059 3059 1197 3119 raecum,
1230 3044 1263 3105 et
1294 3048 1486 3123 rogauerunt
1508 3058 1590 3119 eum,
1614 3045 1655 3105 ut

353 3143 439 3208 iilum
462 3148 620 3226 tangeret.
653 3146 703 3209 23.
728 3146 772 3210 Et
794 3146 1008 3228 ariprebandit
1031 3164 1157 3209 uranum
1181 3145 1267 3209 oaeoi
1293 3151 1325 3211 et
1348 3145 1439 3211 duxit
1463 3165 1533 3210 euur
1558 3150 1654 3211 extra

351 3248 468 3332 uirum,
491 3268 650 3332 exspuens
674 3251 706 3314 in
730 3250 840 3316 oeulos
862 3251 933 3315 eius
956 3256 988 3315 et
1012 3250 1169 3331 impositis
1186 3250 1333 3314 manibus
1349 3250 1406 3334 iiii,
1430 3251 1653 3331 interrogabat

353 3353 453 3431 iilum,
478 3354 505 3416 si
529 3354 649 3436 aliquid
671 3356 808 3420 uideret.
841 3358 892 3419 24.
924 3356 967 3420 Et
990 3355 1148 3437 aspiciens
1172 3356 1232 3419 ait:
1265 3354 1368 3420 Uideo
1392 3355 1537 3420 homines
1562 3355 1654 3421 uelut

353 3458 484 3523 arbores
508 3459 716 3524 ambulantes.
743 3463 792 3526 25.
817 3460 860 3524 Et
882 3462 998 3525 iterum
1022 3462 1175 3542 imposuit
1197 3476 1309 3525 manus
1326 3478 1423 3544 super
1438 3462 1545 3525 ocutos
1569 3462 1652 3538 siue,

352 3568 386 3627 et
408 3561 566 3643 impositis
599 3565 755 3642 manibus,
786 3565 892 3648 coepit
927 3566 1036 3629 uidere
1059 3572 1092 3628 et
1114 3567 1284 3630 restitutus
1315 3571 1373 3645 est,
1398 3568 1501 3631 itaut
1524 3566 1653 3631 uideret

354 3667 440 3732 olore
462 3668 578 3732 omnia.
613 3670 663 3734 26.
697 3668 741 3733 Et
762 3669 883 3735 dimisit
906 3670 997 3735 iilum
1021 3670 1052 3733 in
1076 3668 1202 3734 domum
1226 3688 1316 3735 ruam
1342 3672 1466 3737 dicens:
1502 3670 1592 3735 Unde
1617 3671 1652 3735 in

354 3772 478 3837 domum
503 3776 601 3846 tuam,
625 3778 659 3836 et
674 3775 701 3837 si
721 3775 751 3837 in
768 3776 840 3839 uiro
865 3773 1037 3851 introieris,
1061 3776 1179 3839 nemini
1203 3775 1331 3841 dixeris.
1356 3778 1406 3840 27.
1431 3774 1473 3839 Et
1488 3774 1654 3858 proiectus

352 3883 401 3942 est
435 3875 532 3941 Jesus
568 3881 600 3941 et
634 3878 782 3959 discipuli
817 3878 885 3943 eius
918 3879 948 3942 in
986 3878 1145 3944 Caesarea
1180 3878 1330 3961 Philippi,
1366 3885 1399 3944 et
1432 3880 1655 3961 interrogabat

352 3981 528 4061 discipulos
558 3998 634 4048 suos
657 3984 690 4047 iu
724 3985 777 4047 uia
813 3984 938 4049 dicens:
970 4002 1062 4065 quem
1094 4002 1144 4048 me
1175 3984 1283 4049 dicunt
1313 3984 1456 4050 homiues
1480 3984 1574 4049 esse?
1597 3984 1650 4050 28.

354 4085 597 4167 Responderunt
620 4087 667 4151 idi
692 4090 850 4154 dicentes:
874 4089 1042 4154 dobanuen
1060 4090 1252 4173 Baptistam‚
1283 4089 1338 4154 alii
1365 4089 1477 4165 Etiam,
1502 4089 1555 4153 alii
1574 4108 1653 4154 uero

340 4190 443 4271 possi
470 4209 564 4254 unum
596 4210 634 4255 ex
658 4191 833 4273 prophetis.
869 4196 921 4257 ab.
946 4194 1034 4259 Tune
1057 4192 1136 4258 dieit
1159 4194 1239 4258 illis:
1274 4193 1341 4258 Uos
1366 4214 1452 4273 uero,
1484 4212 1575 4275 quein
1600 4212 1653 4257 me

354 4294 460 4358 dicitis
476 4296 571 4359 esse?
595 4296 636 4360 Et
660 4298 987 4379 respondeusl'otrus
1011 4299 1058 4361 ait
1079 4298 1125 4363 ei:
1149 4299 1196 4362 Tu
1220 4316 1255 4363 es
1279 4298 1425 4364 Christus
1447 4298 1543 4364 Jesus
1566 4296 1653 4363 iilius

353 4398 403 4463 dei
429 4398 504 4463 uiui.
536 4404 587 4465 30.
612 4402 654 4467 Et
677 4404 886 4467 coirrminatus
910 4409 960 4467 est
996 4404 1054 4481 eie,
1078 4403 1191 4467 necui
1216 4404 1359 4468 dicerent
1380 4404 1420 4467 de
1442 4404 1507 4468 illo.
1531 4405 1582 4469 31.
1607 4404 1654 4469 Et

352 4505 457 4585 eoepit
492 4504 605 4570 dooere
640 4509 721 4581 iilos,
760 4508 906 4589 quoniam
939 4513 1066 4589 oportet
1095 4506 1180 4572 filius
1211 4507 1347 4573 hominis
1378 4510 1483 4573 omnia
1516 4509 1582 4591 pati
1617 4514 1653 4573 et

355 4608 520 4691 reprobari
544 4629 562 4673 a
587 4612 764 4676 senioribus
788 4618 820 4676 et
843 4631 862 4676 a
886 4614 1018 4676 surrrmis
1038 4612 1258 4677 sacerdotibus
1282 4620 1314 4676 et
1331 4612 1431 4677 oroidi
1455 4617 1652 4693 etpusttres

353 4712 421 4775 dies
444 4730 624 4796 resurgere.
656 4716 707 4779 32.
740 4714 783 4779 Et
804 4716 907 4797 palam
942 4717 1073 4780 uerbum
1106 4715 1305 4797 loquebatur.
1339 4717 1438 4795 Quem
1469 4718 1652 4797 suscipiens

353 4816 478 4895 Petrus,
503 4819 609 4900 coepit
631 4820 799 4904 increpare
822 4821 949 4886 dicens:
972 4820 1100 4887 domiue
1123 4822 1282 4903 propitius
1304 4830 1384 4905 estu,
1408 4838 1481 4886 nam
1504 4820 1564 4886 boc
1585 4838 1652 4887 non
