3625 5775
192 515 217 570 G.
238 525 276 572 tt.
578 519 759 588 Euangeiium
779 518 931 574 secundnm
953 519 1095 574 Lucanum
1450 526 1491 590 99

191 729 240 795 29.
264 727 384 794 Turbis
405 734 511 796 arctam
537 731 799 796 concurrentibus
823 731 929 813 coepit
952 733 1075 797 dicere:
1100 734 1265 814 generatio
1284 733 1373 812 haec,
1396 753 1491 816 gene-

191 833 274 898 ratio
297 835 436 916 pessima
459 835 585 918 signum
608 836 744 916 quaerit,
767 842 801 900 et
823 837 947 916 signum
971 855 1032 902 non
1047 836 1173 923 dabitur
1197 837 1254 918 itti,
1278 838 1340 904 nisi
1364 841 1488 920 signum

187 937 301 1004 Jonas.
336 941 389 1006 30.
413 939 493 1006 Νιιιιι
517 944 601 1006 sicut
625 940 808 1006 tuitiones
840 942 967 1023 signnm
992 941 1162 1022 diceritis,
1194 943 1240 1006 ita
1263 942 1324 1005 erit
1347 947 1380 1005 et
1403 941 1487 1010 filins

186 1043 325 1108 hominis
348 1047 546 1125 generationi
569 1045 652 1112 huic.
677 1049 728 1112 31.
755 1046 876 1126 Regina
900 1046 939 1110 ab
957 1053 1065 1112 austro
1088 1051 1198 1129 surget
1220 1048 1251 1110 in
1276 1046 1393 1112 iudicio
1417 1067 1488 1113 cum

186 1146 264 1212 uiris
287 1149 506 1230 generationis
539 1151 636 1216 huius
670 1155 703 1214 et
725 1151 948 1215 condemnabit
981 1150 1070 1228 iiios;
1106 1153 1182 1231 qnia
1218 1149 1306 1214 uenit
1329 1171 1348 1216 a
1371 1150 1488 1218 finibus

184 1259 292 1317 terrae
315 1253 427 1319 audire
449 1255 641 1337 sapientiam
664 1255 852 1337 Solomonis,
883 1261 917 1320 et
940 1273 1014 1319 ecce
1036 1255 1109 1337 plus
1132 1256 1184 1320 hic
1207 1273 1302 1336 quam
1325 1256 1484 1322 Salomon.

184 1359 236 1424 32.
260 1357 333 1422 Uiri
357 1359 521 1425 Niuinitae
555 1365 688 1442 surgent
723 1363 755 1426 in
780 1360 898 1425 iudicio
934 1379 1003 1426 cum
1039 1361 1246 1444 generatione
1276 1359 1335 1424 hac
1358 1367 1389 1426 et
1413 1380 1486 1426 corr-

184 1462 379 1528 demnabnnt
410 1464 509 1542 iilam,
547 1467 622 1548 quia
644 1466 875 1548 paenitentiam
898 1469 1032 1546 egerunt
1055 1465 1086 1529 in
1110 1465 1348 1546 praedicatione
1371 1464 1484 1547 donne,

182 1573 217 1630 et
239 1585 317 1632 ecce
338 1569 411 1649 plns
435 1569 487 1634 hic
509 1588 603 1650 qnam
626 1569 735 1636 Jonas.
771 1571 822 1634 33.
847 1567 947 1634 Nemo
971 1574 1078 1633 auteur
1102 1569 1262 1633 lucernam
1286 1572 1430 1636 accendit
1453 1577 1485 1636 et

180 1672 214 1736 iu
238 1671 394 1738 absconso
417 1675 507 1755 ponit
530 1694 634 1756 neque
666 1677 725 1741 sub
750 1675 864 1756 modio,
896 1674 954 1739 sed
978 1691 1074 1754 supra
1107 1673 1340 1756 candelabrum,
1372 1681 1408 1740 nt
1431 1677 1484 1756 qui

180 1777 416 1859 ingrediuntur,
447 1779 552 1843 iumen
588 1780 731 1844 uideant.
778 1781 829 1845 34.
854 1778 1000 1844 Lucerna
1034 1775 1179 1859 corporis
1216 1779 1263 1843 tui
1299 1785 1349 1845 est
1372 1780 1482 1845 ocutus

178 1889 267 1946 tuus.
313 1881 391 1948 Cum
424 1883 521 1949 suerit
545 1883 658 1950 oculus
680 1891 759 1948 tuus
779 1885 921 1964 simplex,
958 1887 1060 1948 totum
1092 1900 1206 1964 corpus
1229 1889 1318 1949 tnnrn
1343 1883 1482 1949 lucidum

179 1989 265 2069 erit3
289 1992 481 2053 comantem
505 2009 640 2072 nequam
656 1989 764 2069 tuerit,
780 1990 875 2054 etiam
899 2006 1015 2071 corpus
1032 1992 1120 2052 tunm
1145 1988 1312 2054 obscurum
1336 1989 1406 2054 erit.
1431 1991 1481 2056 35.

179 2089 215 2156 Si
239 2110 316 2175 ergo
339 2093 457 2171 lumen,
482 2095 565 2176 qnod
589 2097 620 2159 in
644 2100 677 2159 te
700 2101 759 2172 est,
791 2095 944 2158 tenebrae
967 2099 1051 2175 sunt,
1077 2094 1144 2175 ipse
1166 2093 1319 2157 tenebrae
1341 2098 1481 2174 quantae

178 2197 283 2262 sunt?
305 2198 355 2262 37.
381 2198 416 2262 In
440 2218 478 2265 eo
502 2207 618 2282 autem,
643 2219 713 2265 cnm
736 2199 923 2281 loqueretur
948 2197 1243 2280 ipso‚Pha1·isaeus
1274 2197 1403 2278 quidam
1428 2216 1480 2261 ro·

177 2302 270 2383 ganit
291 2302 393 2380 iilum,
418 2311 453 2368 ut
476 2323 545 2368 curn
570 2323 607 2369 eo
630 2304 818 2386 pranderet;
850 2309 883 2368 et
905 2305 1070 2386 ingressus
1094 2301 1248 2366 recubuit.
1294 2303 1345 2368 38.
1371 2300 1480 2366 Phari·

178 2423 275 2472 saeus
297 2414 405 2473 autern
436 2411 541 2492 coepit
577 2411 663 2474 intra
691 2429 726 2474 se
756 2415 911 2492 reputans
942 2409 1068 2474 eiicere:
1116 2425 1214 2488 quare
1248 2424 1310 2472 non
1345 2406 1480 2488 primum

177 2511 361 2592 baptizatus
382 2518 432 2578 est
455 2513 640 2596 priusquam
663 2514 893 2580 manducaret?
926 2517 977 2581 39.
1002 2513 1045 2578 Et
1068 2511 1282 2579 sitdominus
1307 2511 1348 2576 ad
1371 2512 1476 2576 ilium:

176 2615 272 2682 Nunc
301 2636 360 2683 uos
384 2617 548 2684 Pharisaei
581 2619 778 2701 hypocritae,
809 2620 900 2702 prius
924 2621 1008 2703 quod
1040 2620 1080 2683 de
1109 2616 1190 2683 foris
1220 2622 1271 2681 est
1293 2616 1401 2682 calicis
1424 2622 1480 2681 ant

177 2721 275 2786 catini
299 2723 471 2804 mundatis,
501 2723 584 2806 qnod
619 2727 725 2787 autem
757 2725 846 2788 intus
876 2730 926 2788 est
956 2729 1100 2788 uestrum
1132 2714 1341 2803 plenum'est
1364 2721 1477 2802 rapina

175 2832 210 2893 et
232 2827 412 2909 iniquitate.
447 2829 498 2896 4o.
530 2827 636 2903 Stulti,
666 2847 772 2895 nonne
802 2829 855 2911 qui
879 2827 956 2894 iecit
986 2828 1071 2911 quod
1096 2825 1215 2891 deforis
1238 2829 1298 2909 est,
1322 2827 1418 2891 etiam
1442 2827 1476 2893 id

175 2932 262 3014 quod
285 2934 412 2999 deintus
423 2938 474 2999 est
495 2934 789 3000 fecitP41.Tameu
802 2954 883 3017 qnae
905 2939 990 3017 sunt
1014 2935 1087 2998 date
1110 2932 1334 3012 elemosynam,
1357 2936 1477 2998 etecce

174 3038 282 3102 omnia
305 3038 423 3103 munda
458 3044 533 3104 sunt
555 3040 668 3117 uobis;
705 3039 786 3103 haec
816 3038 900 3104 eninr
940 3036 1107 3119 oportebat
1140 3035 1245 3101 iacere
1279 3038 1313 3100 et
1335 3036 1390 3101 iila
1413 3055 1475 3101 non

174 3143 334 3208 omittere.
378 3146 432 3210 42.
455 3141 519 3209 Sed
542 3163 602 3209 uae
625 3144 716 3209 uobis
738 3144 863 3209 scribae
886 3149 920 3208 et
932 3143 1108 3220 Pharisaei,
1131 3140 1186 3223 qui
1201 3140 1367 3206 decimatis
1389 3161 1477 3208 nien·

173 3253 251 3327 tam,
275 3254 310 3314 et
331 3252 435 3313 rutam
460 3254 493 3315 et
507 3268 599 3314 omne
624 3250 725 3328 holus,
749 3254 782 3315 et
805 3248 990 3331 praeteritis
1014 3246 1165 3311 indicium
1190 3252 1223 3310 et
1235 3247 1400 3311 caritatem
1413 3248 1473 3311 dei.

177 3354 230 3419 43.
256 3350 326 3415 Uae
350 3351 442 3417 uobis
467 3355 645 3432 Pharisaei,
669 3356 744 3436 quia
767 3353 900 3435 diligitis
939 3352 1054 3434 primas
1078 3352 1225 3417 catedras
1249 3352 1281 3415 in
1306 3353 1475 3434 synagogis

173 3464 207 3523 et
230 3457 439 3525 salutationes
476 3462 507 3524 in
542 3459 610 3525 foro
641 3466 675 3525 et
699 3460 816 3541 primos
851 3459 1026 3524 discubitos
1063 3459 1093 3521 in
1117 3455 1283 3521 conuiuiis.
1328 3458 1379 3522 44.
1406 3454 1474 3520 Uae

177 3562 272 3626 uobis
295 3562 477 3648 scribaessrt
499 3563 663 3629 Pharisaei
696 3563 893 3647 hypocritae,
929 3563 1002 3643 quia
1035 3564 1238 3625 monumenta
1270 3561 1358 3640 estis,
1392 3579 1475 3643 quae

172 3686 236 3731 non
259 3672 381 3748 parcnt,
406 3674 439 3733 et
461 3668 605 3733 homines
619 3668 820 3733 ambulantes
842 3686 940 3749 supra
952 3667 1007 3732 ilia
1018 3668 1172 3731 nesciunt.
1198 3664 1250 3731 45.
1265 3658 1473 3746 Respondeas

173 3776 282 3837 autem
313 3774 440 3853 quidam
464 3794 502 3838 ex
525 3774 718 3855 legisperitis
749 3775 810 3839 ait:
845 3774 1009 3853 magister,
1033 3770 1110 3837 haec
1134 3769 1242 3835 dicens
1273 3767 1374 3849 nohis,
1400 3788 1472 3835 con-

171 3877 336 3943 tumetiam
353 3877 442 3945 facis.
460 3882 511 3945 46.
533 3878 580 3943 Ad
597 3880 667 3960 ipse
682 3880 744 3943 ait:
768 3878 812 3943 Et
827 3878 918 3943 uobis
933 3877 1132 3960 legisperitis
1148 3892 1217 3952 uae,
1242 3874 1316 3955 qnia
1330 3875 1472 3939 oneratis

171 3982 316 4048 homines
339 3984 500 4062 oneribus,
531 4002 613 4064 quae
635 4001 698 4048 non
732 3987 866 4066 possunt
895 3988 1035 4065 portare,
1066 3988 1099 4046 et
1121 3981 1182 4062 ipsi
1206 3998 1268 4043 uuo
1292 3979 1393 4059 digito
1417 3998 1471 4044 ue·

170 4094 238 4153 stro
262 4106 323 4153 non
347 4089 488 4170 tangitis.
511 4092 563 4153 47.
588 4089 771 4166 Uaeuobis,
795 4089 871 4170 quia
886 4086 1064 4153 aedificatis
1081 4091 1282 4151 monumenta
1301 4083 1471 4167 propheta-

170 4212 257 4271 rum;
283 4198 391 4274 patres
426 4198 531 4258 autem
568 4195 667 4257 nestri
702 4193 888 4258 occiderunt
921 4192 1003 4259 illos.
1048 4193 1100 4258 48.
1132 4190 1218 4273 Ergo
1253 4189 1470 4254 testimonium

169 4296 356 4379 perhibetis,
388 4317 451 4365 non
476 4299 676 4364 conscientes
700 4298 849 4380 operibus
885 4301 1010 4378 patrum
1035 4300 1224 4373 nestrorum,
1249 4292 1396 4375 quoniam
1422 4290 1468 4357 illi

169 4402 298 4484 quidem
322 4404 509 4469 occiderunt
531 4422 597 4482 eos,
620 4421 678 4467 uos
701 4410 807 4469 autem
831 4401 1020 4468 aedificatis.
1052 4403 1104 4467 49.
1128 4402 1205 4465 Ideo
1228 4400 1320 4463 mit-to
1343 4399 1374 4461 in
1398 4395 1469 4461 illos

168 4507 343 4591 prophetas
373 4513 405 4573 et
427 4509 590 4589 apostotos
620 4514 652 4575 et
682 4528 721 4573 ex
750 4509 816 4575 iilis
848 4508 996 4573 occident
1029 4512 1061 4571 et
1092 4510 1331 4587 persequentur,
1354 4503 1406 4567 50.
1431 4506 1467 4565 ut

168 4614 349 4695 inquiratur
377 4614 507 4695 sanguis
538 4613 678 4679 omnium
708 4613 946 4697 prophetarum,
978 4613 1033 4696 qui
1066 4611 1185 4677 effusus
1217 4613 1267 4675 est
1299 4625 1318 4671 a
1352 4607 1469 4670 consti·

167 4718 295 4784 tutione
318 4719 428 4785 mnndi
462 4737 563 4800 nsque
599 4720 639 4783 ad
663 4719 898 4801 generationem
929 4718 1034 4800 istam,
1068 4718 1120 4783 51.
1156 4713 1351 4795 aaarrguine
1387 4710 1467 4775 Abel

167 4842 269 4912 usque
293 4824 333 4893 ad
357 4823 544 4905 sangninem
567 4822 767 4901 zacchariae,
793 4825 846 4905 qui
869 4822 970 4905 periit
992 4823 1075 4887 inter
1098 4820 1200 4886 altare
1224 4823 1257 4883 et
1273 4817 1394 4881 aedem.
1418 4814 1469 4880 lta

1315 4961 1346 5017 ¹¹1*
