3625 5775
344 526 407 594 190
732 519 914 590 Euangelium
933 521 1082 576 4444444444
1102 519 1234 578 Marcum.
1355 568 1358 574 .
1572 527 1600 584 C.
1621 533 1644 580 1.

343 734 568 817 capharnaum
604 736 748 812 sabbato,
787 742 818 802 et
850 735 1018 801 confestim
1054 735 1198 816 ingresus
1237 737 1269 801 in
1293 756 1485 821 synagogam
1508 737 1644 803 docebat

340 841 421 906 illos.
468 843 521 908 22.
543 841 587 904 Et
609 840 781 923 stupebant
803 857 901 921 super
923 839 1069 906 doctrina
1093 841 1172 918 eius,
1203 843 1379 906 eratenim
1416 842 1534 909 docens
1557 845 1644 909 sicut
1736 923 1750 942 ·

339 950 531 1029 potestatem
552 943 683 1018 babens,
722 963 783 1009 non
807 945 892 1010 sicut
915 942 1050 1010 scribae.
1096 946 1148 1010 23.
1172 943 1251 1010 Erat
1283 951 1390 1011 antem
1424 945 1455 1010 in
1481 965 1644 1030 synagoga

339 1051 443 1130 homo,
467 1050 518 1131 qui
541 1047 680 1113 babebat
702 1048 850 1130 spiritum
873 1048 1090 1126 immundum3
1115 1049 1166 1112 24.
1184 1053 1216 1112 44
1232 1048 1390 1114 clamabat
1413 1050 1541 1116 dicens:
1566 1051 1642 1132 quid

339 1156 431 1221 nobis
454 1160 487 1219 et
508 1153 578 1233 tibi,
601 1152 681 1217 Jesu
704 1151 893 1218 Nazarene?
932 1153 1048 1217 uenisti
1073 1153 1207 1233 perdere
1230 1171 1304 1232 nos;
1343 1155 1409 1219 scio
1432 1159 1474 1230 te,
1521 1157 1575 1237 qui
1599 1157 1644 1223 sis

340 1266 470 1325 sanctus
494 1259 556 1324 dei.
580 1260 631 1324 23.
655 1259 699 1322 Et
721 1259 894 1339 imperauit
915 1255 962 1320 illi
986 1261 1019 1321 et
1043 1257 1140 1322 dixit:
1165 1256 1368 1322 ommutesce
1391 1264 1424 1324 et
1447 1260 1497 1325 exi
1522 1261 1561 1325 de
1588 1262 1642 1325 bo-

339 1364 434 1444 mine,
459 1363 592 1446 spiritns
615 1361 785 1427 immunde.
819 1364 871 1427 26.
895 1362 940 1426 Et
963 1364 1125 1429 concussit
1148 1381 1220 1426 eum
1251 1363 1384 1444 spiritus
1407 1363 1587 1430 immundus
1610 1371 1643 1429 et

338 1470 478 1534 clamans
511 1486 590 1533 noce
623 1484 738 1548 magua
770 1465 849 1530 exiit
881 1467 922 1530 ab
957 1484 1005 1530 eo.
1044 1467 1096 1530 27.
1121 1467 1321 1532 Mirabantur
1343 1475 1449 1534 autem
1474 1487 1583 1534 omnes
1607 1476 1641 1534 et

340 1572 582 1654 conquirebant,
607 1589 688 1652 quae
712 1576 799 1636 esset
822 1571 968 1636 doctrina
992 1572 1054 1635 ista
1079 1587 1148 1635 cum
1172 1571 1358 1652 potestate?
1392 1580 1424 1638 et
1448 1575 1524 1654 quia
1547 1575 1640 1656 spiri-

339 1677 425 1743 tibus
462 1675 633 1743 immundis
669 1674 815 1756 imperat,
854 1679 886 1738 et
909 1674 1085 1740 obaudiunt
1122 1693 1203 1741 eum.
1227 1677 1279 1742 28.
1304 1673 1440 1743 Etexiit
1462 1697 1570 1746 rumor
1591 1677 1643 1742 bic

339 1782 457 1865 ubique
480 1783 567 1846 circa
589 1780 736 1861 regiones
759 1779 934 1846 Galilaeae.
960 1782 1010 1846 29.
1036 1779 1194 1860 Egressus
1211 1787 1316 1846 autem
1339 1783 1490 1848 continuo
1514 1782 1553 1846 de
1569 1801 1641 1864 syn-

338 1905 440 1968 agoga
463 1887 552 1951 uenit
576 1885 608 1949 in
630 1885 757 1950 domum
779 1882 918 1949 Simonis
941 1889 975 1948 et
1000 1885 1146 1950 Andreae
1169 1903 1240 1950 cnm
1264 1884 1394 1964 Jacobs,
1426 1891 1459 1952 et
1483 1885 1630 1952 Johanne

339 1994 391 2057 30.
416 1990 553 2056 lacebat
576 1993 682 2056 autern
705 2007 817 2054 socrus
834 1988 973 2054 Simonis
996 1989 1194 2064 febricitans,
1219 1995 1252 2054 et
1275 1991 1386 2056 dicunt
1408 1991 1436 2055 ei
1454 1991 1493 2055 de
1509 1990 1572 2056 illa.
1587 1995 1638 2057 31.

338 2097 398 2161 Ille
420 2099 526 2160 autem
550 2094 647 2171 uenit,
671 2099 704 2160 et
727 2093 901 2159 extendens
926 2112 1060 2170 manum,
1082 2093 1292 2175 adprehendit
1315 2113 1384 2158 eam
1410 2102 1443 2162 et
1465 2095 1586 2161 leuauit
1608 2102 1643 2162 et

340 2201 467 2267 remisit
489 2198 576 2263 illam
600 2198 711 2264 statim
733 2195 842 2277 febris,
873 2202 906 2262 et
929 2198 1130 2262 ministrabat
1165 2198 1238 2264 illis.
1285 2199 1336 2264 32.
1361 2198 1439 2264 Gom
1462 2205 1569 2264 autern
1593 2201 1641 2266 sol

338 2305 518 2380 occidisset,
552 2302 699 2368 terebant
719 2302 759 2368 ad
783 2320 854 2366 eum
877 2321 986 2368 onmes
1018 2303 1100 2367 male
1132 2302 1287 2368 babentes
1311 2305 1410 2368 uariis
1434 2305 1641 2386 languoribus

339 2417 371 2477 et
404 2429 470 2487 cos,
506 2409 561 2490 qui
597 2406 757 2473 habebant
790 2407 967 2484 daemonia,
991 2415 1024 2472 et
1057 2407 1193 2473 eiciebat
1228 2408 1395 2474 daemonia
1419 2411 1458 2474 ab
1483 2409 1546 2474 eis:
1585 2409 1639 2475 33.

339 2522 372 2580 44
394 2519 465 2580 4444
486 2513 590 2579 omnis
624 2511 740 2576 ciuitas
779 2517 972 2593 congregata
1009 2512 1049 2577 ad
1084 2511 1179 2577 iores.
1218 2513 1269 2579 34.
1293 2513 1336 2577 Et
1360 2514 1487 2578 sanauit
1519 2513 1640 2578 multos

338 2618 422 2684 male
462 2617 616 2682 habentes
655 2617 860 2696 languoribus
894 2615 1004 2694 uariis,
1044 2635 1100 2682 nec
1134 2615 1317 2699 patiebatur
1357 2635 1396 2682 ea
1430 2618 1527 2698 loqui,
1562 2637 1641 2699 quo·

338 2725 424 2788 niam
469 2726 626 2786 nouerant
663 2739 744 2785 eum.
790 2721 842 2786 35.
879 2721 922 2785 Et
960 2721 1101 2788 diluculo
1149 2739 1284 2803 surgens
1322 2723 1402 2788 abiit
1451 2725 1481 2786 iu
1530 2723 1640 2787 deser-

338 2836 404 2893 tum
426 2826 540 2905 locum,
577 2825 685 2909 ibique
715 2826 836 2891 orabat.
881 2828 932 2891 36.
973 2825 1015 2891 Et
1051 2827 1213 2893 subsecuti
1248 2834 1323 2894 sunt
1356 2845 1427 2891 euru
1450 2827 1568 2905 Simon,
1608 2835 1643 2891 et

338 2935 392 3017 qui
429 2952 501 2997 cum
523 2950 562 2997 eo
585 2936 686 3008 erant,
722 2931 865 2996 dicentes
899 2932 967 2996 illi:
1008 2932 1059 2996 37.
1084 2933 1231 3013 quoniam
1270 2938 1428 3013 quaeruut
1462 2940 1494 2997 tr.
1528 2952 1639 2998 omues

338 3040 390 3106 38.
414 3038 458 3103 Et
481 3037 527 3101 ait
551 3036 632 3102 illis:
667 3036 787 3101 Eamus
824 3037 856 3100 in
880 3036 1011 3101 castolla
1046 3036 1180 3101 confinia
1211 3042 1243 3102 ot
1266 3038 1415 3103 ciuitates
1438 3038 1638 3119 praedicare,

337 3141 461 3208 adhoc
490 3142 574 3205 enirn
606 3140 690 3205 ueni.
729 3142 781 3206 39.
804 3141 849 3206 Et
870 3145 941 3205 erat
976 3142 1163 3222 praedicans
1202 3142 1233 3205 in
1264 3143 1433 3225 synagogis
1473 3141 1640 3207 Galilaeae

338 3248 479 3327 itemque
502 3244 671 3310 daemonia
693 3246 866 3326 expellens.
904 3246 956 3311 40.
983 3245 1025 3310 Et
1048 3246 1136 3310 uenit
1159 3246 1198 3310 ad
1221 3246 1310 3310 illum
1334 3246 1480 3328 leprosus
1504 3246 1638 3328 deprae-

338 3370 414 3417 cans
436 3369 509 3415 eom
532 3358 566 3415 et
589 3348 715 3413 dicens:
740 3350 767 3414 si
792 3351 842 3413 uis
865 3356 958 3431 potes
974 3351 1129 3414 mandare
1152 3368 1210 3414 me.
1235 3352 1287 3416 41.
1312 3352 1355 3415 Ε4
1374 3352 1551 3415 extendens
1575 3370 1637 3415 rna·

337 3473 410 3519 num
434 3456 464 3519 ei
487 3454 585 3519 dixit:
609 3453 692 3533 uolo,
716 3454 877 3519 mundare.
925 3457 976 3518 42.
1003 3455 1045 3519 llt
1067 3454 1218 3519 discessit
1248 3454 1288 3519 ob
1311 3473 1349 3519 eo
1372 3456 1471 3537 lepra.
1517 3458 1569 3519 44.
1595 3456 1637 3520 Et

339 3561 471 3626 attilii:
507 3560 601 3636 Uide,
639 3558 757 3623 nemini
781 3560 919 3639 dixeris3
951 3560 1007 3623 sed
1032 3560 1270 3625 demonstrate
1293 3560 1463 3641 sacerdoti,
1496 3568 1528 3625 et
1561 3560 1640 3626 oller

338 3684 396 3747 pro
418 3667 607 3746 purgatione
630 3671 688 3728 tua
711 3683 795 3747 quae
820 3667 984 3746 praecepit
1015 3665 1144 3748 Moyses
1167 3666 1198 3729 in
1223 3665 1439 3731 testimonium
1462 3666 1536 3731 illis.
1581 3668 1637 3730 45.

339 3770 414 3851 lpse
435 3774 542 3833 antem
565 3786 715 3849 egressus
748 3769 854 3851 coepit
886 3769 1070 3851 praedicare
1093 3775 1126 3834 et
1149 3769 1312 3835 diffamare
1335 3788 1510 3835 sermonem
1536 3771 1580 3835 ita
1603 3776 1639 3833 ut

338 3875 400 3938 iarn
424 3892 486 3937 non
509 3878 619 3954 posset
641 3873 746 3953 palam
770 3874 801 3938 in
815 3874 948 3938 ciuitate
971 3875 1114 3953 introire,
1124 3873 1181 3939 sed
1205 3873 1289 3941 laras
1305 3876 1336 3939 iu
1353 3875 1479 3941 deserta
1501 3873 1635 3939 144444-

338 3978 470 4042 niebant
492 3978 533 4043 ad
555 3978 652 4043 illurn.

438 4185 488 4254 11.
513 4191 540 4253 1.
557 4187 601 4253 Ε4
615 4187 730 4251 iterum
747 4187 836 4252 benit
852 4186 1076 4267 Gapbanraum
1094 4192 1166 4268 post
1182 4187 1267 4265 dies;
1284 4191 1317 4251 et
1332 4187 1476 4253 auditum
1489 4188 1634 4269 estquod

336 4292 369 4358 in
384 4292 476 4357 domo
490 4298 585 4365 esset,
609 4294 639 4356 2.
653 4297 686 4356 44
699 4296 917 4357 conuenerunt
929 4291 1029 4369 multi,
1044 4293 1089 4356 ita
1101 4298 1136 4356 ut
1149 4292 1210 4356 inm
1225 4278 1282 4357 nec
1295 4292 1335 4357 ad
1347 4292 1474 4357 ianuam
1495 4298 1636 4375 caperet,

336 4403 370 4463 et
385 4397 575 4478 loquebatur
590 4397 629 4462 ad
646 4416 702 4463 eos
718 4398 860 4462 uerbum.
884 4398 915 4463 3.
939 4398 983 4461 Et
997 4396 1132 4461 ueniunt
1147 4396 1187 4461 ad
1211 4397 1302 4461 illum
1323 4395 1462 4463 terentes
1486 4397 1636 4478 paralyti-

337 4521 407 4565 curn
433 4504 464 4567 in
488 4500 646 4584 grabatto.
674 4504 705 4567 4.
738 4501 779 4568 llt
802 4520 873 4565 cum
897 4501 1049 4567 accedere
1073 4519 1134 4566 non
1161 4511 1290 4581 possent
1314 4520 1390 4582 prae
1414 4500 1633 4584 multitudine,

337 4608 526 4671 detexerunt
549 4611 679 4689 tectum,
703 4604 854 4684 obierat,
885 4610 919 4669 ct
942 4606 1169 4671 summiserunt
1192 4606 1378 4686 grabbatum
1404 4606 1434 4670 in
1458 4624 1521 4687 quo
1546 4625 1633 4688 para-

336 4712 451 4795 lytlcus
473 4710 607 4776 iacebat.
631 4713 659 4777 5.
685 4709 764 4777 (lum
787 4708 926 4775 uidisset
949 4716 1055 4777 autem
1078 4709 1175 4776 lesus
1198 4710 1292 4775 tidem
1318 4709 1457 4791 ullorum,
1481 4712 1527 4774 ait
1543 4728 1633 4791 para·

335 4814 450 4901 lytico:
481 4816 555 4893 Fili,
578 4817 710 4881 remissa
732 4820 809 4881 sunt
829 4815 889 4881 trbi
912 4822 1035 4899 pecata.
1065 4820 1096 4883 6.
1118 4816 1220 4881 Erant
1243 4820 1350 4880 autem
1374 4812 1417 4880 ibi
1441 4815 1571 4897 quidam
1595 4816 1636 4881 de
