3625 5775
367 467 429 532 134
743 459 926 529 Euangelium
945 458 1093 516 secundnm
1111 455 1244 513 Marcum.
1564 461 1592 516 c,
1615 468 1657 518 lo.

364 674 440 756 qnid
453 676 593 742 medicis
605 672 969 740 bonumiNernobonus
985 672 1046 737 nisi
1065 691 1146 737 unus
1163 689 1200 735 oc
1216 669 1302 735 solus
1319 670 1408 736 deus.
1427 673 1473 738 19.
1485 671 1664 756 Praecepto

363 781 505 846 custodi:
523 801 563 845 ne
585 781 756 852 adulteres,
774 796 814 842 ne
838 776 976 854 occidas,
996 776 1176 854 memneris,
1194 794 1233 840 ne
1248 774 1362 840 fulsum
1379 775 1596 842 testimouium
1612 778 1661 843 di-

362 884 458 964 xeris,
482 905 523 950 ue
545 883 687 950 frondem
713 882 844 962 leceris3
869 881 991 946 honore
1014 887 1138 962 patrem
1162 885 1252 944 tuum
1277 884 1309 944 et
1332 885 1463 946 matrem
1486 887 1585 948 tuom.
1609 884 1661 948 20.

363 989 407 1053 Et
429 989 486 1053 ille
508 990 705 1072 respondens
728 987 774 1051 ait
797 986 865 1051 illi:
890 986 1056 1068 Magister,
1080 985 1184 1050 omniu
1207 983 1286 1049 baec
1317 984 1486 1050 obseruobi
1508 1006 1528 1051 a
1551 988 1661 1052 iuuen-

361 1098 432 1157 tute
455 1113 536 1158 meo.
561 1097 611 1158 21.
635 1094 731 1159 Jesus
753 1098 858 1156 curtem
884 1093 1010 1155 intuens
1035 1109 1117 1168 eum,
1141 1089 1306 1155 osculatus
1328 1095 1378 1154 est
1409 1107 1480 1154 cum
1515 1097 1548 1156 et
1580 1091 1664 1158 dixit

362 1197 431 1263 illi:
458 1198 561 1263 Unum
585 1197 691 1263 deest:
715 1197 808 1274 uode,
832 1214 1051 1276 quaecumque
1074 1194 1183 1274 babes,
1208 1195 1310 1258 uende
1334 1201 1367 1259 et
1390 1195 1430 1258 da
1455 1195 1661 1278 pauperibus

363 1308 398 1367 et
419 1302 553 1368 habebis
576 1303 769 1367 thensauros
793 1303 826 1364 in
849 1300 946 1378 coele,
970 1305 1003 1364 et
1026 1301 1111 1376 ueni,
1135 1317 1269 1382 sequere
1292 1319 1351 1364 me.
1376 1302 1427 1364 22.
1451 1300 1494 1366 Et
1516 1301 1572 1366 ille
1587 1319 1662 1367 con-

361 1408 509 1474 tristatus
526 1411 557 1472 in
575 1408 635 1472 boc
658 1407 755 1471 uerbo
779 1408 840 1486 (et)
863 1406 942 1469 abiit
966 1405 1085 1482 tristis;
1109 1408 1181 1470 erut
1213 1404 1297 1470 enim
1320 1403 1441 1470 habens
1464 1405 1581 1470 multas
1605 1425 1659 1488 pe·
1743 1409 1745 1414 '

361 1514 472 1576 eunias
496 1518 528 1577 et
551 1528 655 1592 agros.
702 1511 753 1578 23.
788 1510 832 1574 Et
866 1509 1127 1590 circumspiciens
1162 1508 1268 1586 iesus,
1303 1511 1349 1574 ait
1381 1508 1548 1591 discipulis
1571 1513 1659 1576 suis:

363 1636 456 1697 quarn
481 1615 620 1693 difficile,
644 1615 698 1697 qui
721 1613 873 1696 pecunius
895 1613 1024 1694 babent,
1054 1632 1186 1695 regnum
1211 1613 1262 1676 dei
1285 1613 1478 1679 introibunt!
1526 1616 1577 1680 24.
1601 1614 1661 1679 Fu-

361 1722 454 1786 cilius
478 1726 528 1787 est
550 1721 717 1785 camellum
739 1739 797 1800 per
819 1719 963 1783 foramen
987 1736 1064 1783 ocus
1087 1719 1225 1783 transire
1249 1735 1344 1797 quom
1368 1719 1500 1784 diuitem
1524 1720 1660 1784 introire

359 1828 392 1890 in
415 1843 549 1905 regnum
574 1824 634 1889 dei.
659 1826 709 1889 25.
735 1823 891 1904 Discipuli
915 1828 1022 1887 autern
1046 1823 1115 1886 eius
1141 1821 1301 1902 pauebunt
1323 1821 1356 1886 in
1380 1823 1488 1890 uerbis
1512 1825 1591 1890 eius.
1609 1825 1661 1889 Ad

361 1930 457 1995 Jesos
481 1949 592 1995 rursus
614 1931 660 1994 ait
683 1928 764 1994 illis:
803 1928 918 2004 lilioli,
943 1946 1038 2008 quam
1062 1925 1192 1991 dillicile
1216 1934 1266 1992 est
1289 1926 1483 1994 confidentes
1506 1929 1538 1994 in
1561 1947 1658 2009 pecu-

360 2036 423 2100 niis
445 2036 477 2098 in
501 2052 634 2116 regnum
658 2034 709 2098 dei
733 2034 886 2098 introire!
913 2033 963 2096 26.
989 2031 1092 2112 Magis
1116 2037 1223 2096 curtem
1248 2033 1489 2098 admirabantur
1512 2033 1659 2101 dicentes

359 2139 399 2204 ad
423 2141 628 2222 semetipsos:
652 2140 696 2203 Et
717 2141 789 2220 quis
814 2139 932 2220 poterit
955 2136 1066 2203 saluus
1090 2135 1183 2200 lieri?
1215 2139 1266 2202 27.
1290 2138 1334 2202 Et
1356 2139 1484 2203 intuens
1507 2139 1581 2205 illos
1603 2139 1660 2204 Je-

359 2262 415 2309 sus
439 2246 502 2310 nit:
549 2245 636 2326 Aput
658 2245 802 2310 homines
824 2246 886 2308 hoc
909 2241 1092 2326 imposibile
1115 2250 1175 2320 est,
1200 2249 1277 2322 aput
1300 2244 1394 2308 deum
1419 2251 1526 2309 autern
1552 2245 1660 2310 omnis

359 2349 528 2428 possibilia
551 2356 635 2414 sunt.
683 2349 733 2415 ³28.
765 2349 808 2413 Et
831 2348 938 2428 coepit
961 2349 1076 2412 Petrus
1099 2347 1128 2411 ei
1152 2347 1273 2412 dicere:
1325 2349 1409 2413 Ecce
1444 2367 1501 2413 nos
1523 2349 1657 2414 missum

357 2450 490 2519 fecimus
524 2455 630 2518 omnio
663 2459 773 2518 nostro
794 2460 827 2517 et
849 2454 952 2517 secuti
991 2471 1100 2516 sumus
1133 2457 1175 2516 te.
1223 2453 1306 2529 Quid
1345 2453 1436 2518 nobis
1473 2453 1560 2518 erit?
1605 2455 1661 2518 ⁶29.

359 2557 565 2639 Responrleus
581 2558 678 2624 Jesus
694 2561 756 2623 cit:
782 2561 883 2622 Arnon
906 2557 977 2621 dico
1001 2557 1110 2620 uobis:
1136 2555 1235 2621 Nemo
1259 2560 1384 2639 estqui
1408 2559 1579 2639 reliquerit
1602 2579 1658 2642 po·

358 2666 439 2726 trem
477 2668 534 2727 out
571 2668 704 2728 rnutrem
736 2669 793 2727 aut
826 2662 943 2727 iratres
979 2667 1035 2727 aut
1058 2680 1185 2727 sorores
1207 2669 1263 2728 cut
1286 2663 1370 2728 lilios
1394 2669 1525 2745 propter
1548 2681 1597 2728 me
1623 2671 1660 2729 et

357 2773 487 2848 propter
511 2769 720 2852 euangelium,
744 2770 794 2835 30.
817 2768 871 2847 qui
896 2787 958 2830 non
983 2767 1120 2848 occipiat
1143 2769 1266 2834 centies
1286 2774 1411 2832 tonilum
1428 2787 1511 2833 nunc
1529 2768 1560 2832 in
1576 2773 1657 2832 tern-

356 2889 451 2951 pore;
475 2873 527 2955 qui
552 2879 660 2939 autern
681 2872 848 2955 reliquerit
870 2873 1008 2950 domum,
1031 2877 1088 2937 aut
1109 2879 1262 2952 parentes
1285 2877 1318 2940 et
1341 2892 1465 2941 sorores
1490 2879 1523 2938 et
1538 2872 1658 2940 iratres

357 2982 390 3040 et
412 2983 545 3041 matrem
567 2984 600 3043 ct
621 2977 704 3043 filios
726 2982 760 3041 et
782 2996 878 3059 agros
899 2979 932 3042 iu
950 2979 1234 3059 persecutionibus
1260 2978 1290 3042 in
1307 2998 1387 3043 aeuo
1404 2986 1540 3045 uenturo
1555 2980 1658 3045 uitam

356 3084 518 3147 oeternum
541 3083 687 3163 accipiet.
713 3084 763 3146 31.
789 3082 884 3146 Multi
907 3088 1015 3145 autern
1039 3088 1132 3145 erant
1148 3083 1239 3163 primi
1258 3084 1422 3149 nouissimi
1439 3090 1472 3149 et
1487 3086 1657 3150 nouissimi

356 3188 461 3265 primi.
486 3190 536 3252 32.
561 3188 663 3252 Erunt
684 3192 790 3251 autern
816 3186 846 3250 in
872 3188 924 3249 uia
946 3186 1157 3252 ascendentes
1179 3186 1402 3273 Hierosolymo
1424 3194 1458 3255 et
1482 3190 1656 3271 praecede-

357 3290 413 3353 bat
435 3292 606 3367 eochsus,
631 3295 664 3355 et
678 3292 848 3371 panuliam.
872 3291 916 3354 Et
938 3291 1109 3356 adsumens
1134 3291 1205 3355 illos
1228 3291 1301 3372 Xll,
1325 3296 1431 3373 coepit
1446 3295 1511 3359 illis
1535 3296 1656 3370 dicere,

356 3412 439 3473 quae
461 3398 532 3461 eius
554 3403 663 3462 essent
679 3402 835 3472 uenturo;
867 3396 918 3461 33.
945 3395 1020 3476 quia
1042 3414 1117 3460 ecce
1140 3398 1342 3462 ascendimus
1366 3396 1597 3482 Hierosolymo,
1622 3410 1658 3465 et

358 3495 442 3562 lilius
464 3498 600 3565 hominis
622 3498 768 3565 tradetur
801 3500 933 3563 summis
957 3499 1179 3564 sacerdotibus
1202 3506 1234 3565 et
1249 3502 1374 3581 scribis,
1399 3508 1433 3567 et
1456 3504 1658 3570 damnabunt

355 3620 427 3667 curn
463 3606 555 3668 morti
578 3609 611 3669 et
633 3605 762 3669 trodent
785 3624 857 3669 curn
880 3605 1039 3685 gentibue,
1064 3606 1114 3669 34.
1140 3612 1172 3670 et
1188 3606 1334 3671 inludent
1346 3626 1417 3671 curn
1431 3614 1463 3673 et
1477 3618 1657 3691 conspuent

357 3709 389 3772 in
409 3725 480 3772 eum
500 3715 534 3772 et
555 3708 763 3790 flagellabunt
790 3728 862 3775 cum
885 3716 920 3774 et
943 3707 1134 3793 interficient
1155 3716 1274 3792 etpost
1293 3717 1359 3777 tres
1392 3712 1462 3777 dies
1496 3720 1656 3795 resurget.

355 3814 406 3878 35.
423 3814 467 3876 Et
477 3820 683 3879 accesserunt
693 3815 733 3879 od
746 3814 835 3878 illum
846 3814 989 3879 lacobus
1001 3818 1034 3877 et
1054 3812 1216 3880 Jobennes
1234 3815 1291 3881 lilii
1312 3816 1470 3883 Zebedaei
1492 3818 1656 3885 dicentes:

356 3916 520 3997 Magister,
544 3919 690 3984 uolumus
712 3920 933 4001 quodcumque
946 3924 979 3984 te
997 3920 1191 3999 petierimus,
1208 3926 1244 3985 ut
1260 3928 1403 4002 praestes
1419 3922 1520 3987 nobis.
1536 3924 1586 3989 36.
1601 3924 1656 3989 Au

355 4021 529 4086 illedixit:
554 4022 632 4104 quid
654 4022 769 4088 luciam
794 4023 910 4089 nobis?
934 4028 984 4091 37.
1010 4024 1053 4088 Et
1076 4025 1225 4091 dixerunt
1247 4028 1295 4093 ei:
1321 4028 1361 4091 da
1383 4026 1484 4105 nobis,
1510 4038 1545 4093 ut
1568 4048 1657 4094 uuus

354 4126 393 4190 od
418 4126 583 4191 dexteram
607 4134 693 4191 tuam
716 4134 751 4193 ot
771 4128 855 4193 allus
878 4129 920 4194 od
943 4130 1109 4193 sinistrum
1133 4131 1301 4198 sedeamus
1325 4134 1357 4198 in
1380 4132 1514 4215 glorium
1548 4138 1652 4201 tuum.

354 4231 406 4297 38.
430 4230 526 4297 Jesus
549 4234 746 4315 respondens
769 4236 817 4297 ait
840 4233 921 4299 illis:
958 4233 1098 4301 Nescitis
1123 4236 1198 4316 quid
1224 4240 1359 4318 petatis;
1384 4240 1518 4319 potestis
1542 4238 1656 4303 bibere

353 4338 484 4403 culicem
497 4358 589 4421 quem
604 4358 662 4422 ego
682 4340 844 4406 bibiturus
856 4358 937 4418 suin,
952 4346 1008 4403 aut
1027 4340 1219 4421 baptismum
1232 4344 1315 4423 quod
1337 4362 1395 4423 ego
1407 4343 1552 4424 baptizor
1567 4345 1655 4425 (sie),

353 4444 533 4525 baptizari?
567 4444 951 4511 concremuerunt:
978 4463 1154 4524 possumus,
1195 4448 1250 4511 Ait
1282 4446 1347 4513 illis
1370 4447 1483 4513 Jesus:
1508 4446 1654 4515 Calicem

352 4548 489 4628 quidem,
512 4566 606 4630 quem
629 4567 688 4629 ego
712 4548 831 4626 bibero,
856 4549 982 4628 bibetis,
1006 4554 1039 4614 et
1062 4550 1264 4634 baptismum,
1299 4553 1382 4634 quod
1406 4570 1465 4634 ego
1496 4552 1654 4635 baptizor.

353 4652 524 4734 baptizari:
548 4656 601 4717 40.
637 4654 751 4717 sedere
774 4660 879 4719 autern
903 4654 943 4717 ad
968 4655 1130 4722 dexterum
1155 4658 1206 4721 uel
1231 4659 1270 4722 ad
1294 4658 1467 4742 sinistram,
1505 4677 1567 4723 non
1599 4667 1654 4724 est

351 4776 456 4824 rueum
492 4760 589 4825 dore:
629 4759 702 4824 eliis
752 4766 897 4841 paratum
945 4767 1004 4825 est.
1049 4762 1101 4827 41.
1141 4761 1210 4826 Hoc
1247 4764 1356 4829 audito
1402 4764 1500 4830 ceteri
1539 4764 1653 4831 decem
