<?xml version="1.0" encoding="UTF-8"?>
<!DOCTYPE html PUBLIC "-//W3C//DTD XHTML 1.0 Transitional//EN"
    "http://www.w3.org/TR/xhtml1/DTD/xhtml1-transitional.dtd">
<html xmlns="http://www.w3.org/1999/xhtml" xml:lang="en" lang="en">
 <head>
  <title>
</title>
<meta http-equiv="Content-Type" content="text/html;charset=utf-8" />
  <meta name='ocr-system' content='tesseract 3.04.00' />
  <meta name='ocr-capabilities' content='ocr_page ocr_carea ocr_par ocr_line ocrx_word'/>
</head>
<body>
  <div class='ocr_page' id='page_1' title='image "./codexveronensis00italgoog_0044.png"; bbox 0 0 3625 5775; ppageno 0'>
   <div class='ocr_carea' id='block_1_1' title="bbox 353 488 1670 575">
    <p class='ocr_par' dir='ltr' id='par_1_1' title="bbox 353 488 1670 575">
     <span class='ocr_line' id='line_1_1' title="bbox 353 488 1670 575; baseline -0.014 -11"><span class='ocrx_word' id='word_1_1' title='bbox 353 488 407 575; x_wconf 42' lang='lat'>33³</span> <span class='ocrx_word' id='word_1_2' title='bbox 733 501 912 569; x_wconf 77' lang='lat' dir='ltr'>Euangellum</span> <span class='ocrx_word' id='word_1_3' title='bbox 931 501 1083 555; x_wconf 81' lang='lat' dir='ltr'>seeundum</span> <span class='ocrx_word' id='word_1_4' title='bbox 1104 502 1287 557; x_wconf 79' lang='lat' dir='ltr'>hlatthsenm.</span> <span class='ocrx_word' id='word_1_5' title='bbox 1569 503 1598 555; x_wconf 75' lang='lat' dir='ltr'>c,</span> <span class='ocrx_word' id='word_1_6' title='bbox 1617 510 1670 557; x_wconf 69' lang='lat'>26.</span> 
     </span>
    </p>
   </div>
   <div class='ocr_carea' id='block_1_2' title="bbox 352 714 1670 3320">
    <p class='ocr_par' dir='ltr' id='par_1_2' title="bbox 352 714 1670 3320">
     <span class='ocr_line' id='line_1_2' title="bbox 354 714 1669 797; baseline -0.002 -15"><span class='ocrx_word' id='word_1_7' title='bbox 354 716 432 783; x_wconf 85' lang='lat' dir='ltr'>Cum</span> <span class='ocrx_word' id='word_1_8' title='bbox 457 726 563 782; x_wconf 82' lang='lat' dir='ltr'>autern</span> <span class='ocrx_word' id='word_1_9' title='bbox 588 716 714 781; x_wconf 89' lang='lat' dir='ltr'>uenerit</span> <span class='ocrx_word' id='word_1_10' title='bbox 738 714 821 779; x_wconf 86' lang='lat' dir='ltr'>tilius</span> <span class='ocrx_word' id='word_1_11' title='bbox 846 714 982 780; x_wconf 89' lang='lat' dir='ltr'>hominis</span> <span class='ocrx_word' id='word_1_12' title='bbox 1006 716 1038 779; x_wconf 92' lang='lat' dir='ltr'>in</span> <span class='ocrx_word' id='word_1_13' title='bbox 1062 714 1230 779; x_wconf 77' lang='lat' dir='ltr'>maiestate</span> <span class='ocrx_word' id='word_1_14' title='bbox 1262 733 1320 779; x_wconf 82' lang='lat' dir='ltr'>sua</span> <span class='ocrx_word' id='word_1_15' title='bbox 1356 722 1389 779; x_wconf 90' lang='lat' dir='ltr'>et</span> <span class='ocrx_word' id='word_1_16' title='bbox 1411 734 1521 781; x_wconf 84' lang='lat' dir='ltr'>omnes</span> <span class='ocrx_word' id='word_1_17' title='bbox 1553 716 1669 797; x_wconf 82' lang='lat' dir='ltr'>angeli</span> 
     </span>
     <span class='ocr_line' id='line_1_3' title="bbox 354 818 1670 903; baseline -0.002 -14"><span class='ocrx_word' id='word_1_18' title='bbox 354 842 424 889; x_wconf 89' lang='lat' dir='ltr'>cum</span> <span class='ocrx_word' id='word_1_19' title='bbox 448 840 496 901; x_wconf 90' lang='lat' dir='ltr'>eo,</span> <span class='ocrx_word' id='word_1_20' title='bbox 521 827 595 888; x_wconf 92' lang='lat' dir='ltr'>tunc</span> <span class='ocrx_word' id='word_1_21' title='bbox 627 818 753 887; x_wconf 82' lang='lat' dir='ltr'>sedebit</span> <span class='ocrx_word' id='word_1_22' title='bbox 776 838 872 901; x_wconf 89' lang='lat' dir='ltr'>super</span> <span class='ocrx_word' id='word_1_23' title='bbox 902 820 1010 885; x_wconf 87' lang='lat' dir='ltr'>sedem</span> <span class='ocrx_word' id='word_1_24' title='bbox 1034 818 1213 885; x_wconf 87' lang='lat' dir='ltr'>maiestatis</span> <span class='ocrx_word' id='word_1_25' title='bbox 1236 838 1323 898; x_wconf 78' lang='lat' dir='ltr'>surse,</span> <span class='ocrx_word' id='word_1_26' title='bbox 1356 822 1407 885; x_wconf 76' lang='lat'>32.</span> <span class='ocrx_word' id='word_1_27' title='bbox 1433 825 1465 885; x_wconf 90' lang='lat' dir='ltr'>et</span> <span class='ocrx_word' id='word_1_28' title='bbox 1487 838 1670 903; x_wconf 77' lang='lat' dir='ltr'>congrega·</span> 
     </span>
     <span class='ocr_line' id='line_1_4' title="bbox 354 924 1666 1007; baseline -0.002 -13"><span class='ocrx_word' id='word_1_29' title='bbox 354 928 471 994; x_wconf 90' lang='lat' dir='ltr'>huntnr</span> <span class='ocrx_word' id='word_1_30' title='bbox 506 930 579 991; x_wconf 80' lang='lat' dir='ltr'>ente</span> <span class='ocrx_word' id='word_1_31' title='bbox 614 944 687 991; x_wconf 90' lang='lat' dir='ltr'>eum</span> <span class='ocrx_word' id='word_1_32' title='bbox 721 944 830 991; x_wconf 91' lang='lat' dir='ltr'>omnes</span> <span class='ocrx_word' id='word_1_33' title='bbox 854 931 976 1005; x_wconf 77' lang='lat' dir='ltr'>gentes,</span> <span class='ocrx_word' id='word_1_34' title='bbox 1013 930 1047 989; x_wconf 91' lang='lat' dir='ltr'>et</span> <span class='ocrx_word' id='word_1_35' title='bbox 1077 924 1241 1006; x_wconf 75' lang='lat' dir='ltr'>separabit</span> <span class='ocrx_word' id='word_1_36' title='bbox 1271 944 1327 991; x_wconf 89' lang='lat' dir='ltr'>eos</span> <span class='ocrx_word' id='word_1_37' title='bbox 1359 926 1399 989; x_wconf 88' lang='lat' dir='ltr'>ah</span> <span class='ocrx_word' id='word_1_38' title='bbox 1422 926 1571 1007; x_wconf 90' lang='lat' dir='ltr'>inuicem,</span> <span class='ocrx_word' id='word_1_39' title='bbox 1605 928 1666 991; x_wconf 87' lang='lat'>33.</span> 
     </span>
     <span class='ocr_line' id='line_1_5' title="bbox 352 1030 1666 1122; baseline -0.003 -22"><span class='ocrx_word' id='word_1_40' title='bbox 352 1034 435 1100; x_wconf 92' lang='lat' dir='ltr'>sicut</span> <span class='ocrx_word' id='word_1_41' title='bbox 458 1036 565 1115; x_wconf 88' lang='lat' dir='ltr'>pastor</span> <span class='ocrx_word' id='word_1_42' title='bbox 588 1036 737 1113; x_wconf 77' lang='lat' dir='ltr'>segregat</span> <span class='ocrx_word' id='word_1_43' title='bbox 759 1047 837 1096; x_wconf 90' lang='lat' dir='ltr'>oues</span> <span class='ocrx_word' id='word_1_44' title='bbox 860 1030 900 1093; x_wconf 95' lang='lat' dir='ltr'>ab</span> <span class='ocrx_word' id='word_1_45' title='bbox 924 1031 1029 1108; x_wconf 88' lang='lat' dir='ltr'>aedis;</span> <span class='ocrx_word' id='word_1_46' title='bbox 1055 1036 1088 1094; x_wconf 90' lang='lat' dir='ltr'>et</span> <span class='ocrx_word' id='word_1_47' title='bbox 1110 1034 1232 1095; x_wconf 86' lang='lat' dir='ltr'>statuet</span> <span class='ocrx_word' id='word_1_48' title='bbox 1255 1048 1332 1095; x_wconf 90' lang='lat' dir='ltr'>oues</span> <span class='ocrx_word' id='word_1_49' title='bbox 1354 1031 1395 1095; x_wconf 92' lang='lat' dir='ltr'>ad</span> <span class='ocrx_word' id='word_1_50' title='bbox 1420 1030 1546 1095; x_wconf 84' lang='lat' dir='ltr'>dextris</span> <span class='ocrx_word' id='word_1_51' title='bbox 1579 1032 1666 1122; x_wconf 71' lang='lat' dir='ltr'>suis,</span> 
     </span>
     <span class='ocr_line' id='line_1_6' title="bbox 353 1134 1665 1215; baseline -0.003 -11"><span class='ocrx_word' id='word_1_52' title='bbox 353 1138 451 1205; x_wconf 89' lang='lat' dir='ltr'>aedos</span> <span class='ocrx_word' id='word_1_53' title='bbox 475 1141 579 1203; x_wconf 89' lang='lat' dir='ltr'>autern</span> <span class='ocrx_word' id='word_1_54' title='bbox 604 1136 644 1201; x_wconf 87' lang='lat' dir='ltr'>nd</span> <span class='ocrx_word' id='word_1_55' title='bbox 668 1134 816 1201; x_wconf 80' lang='lat' dir='ltr'>sinistris.</span> <span class='ocrx_word' id='word_1_56' title='bbox 841 1136 893 1200; x_wconf 89' lang='grc'><strong>34.</strong></span> <span class='ocrx_word' id='word_1_57' title='bbox 917 1135 1006 1199; x_wconf 86' lang='lat' dir='ltr'>Tunc</span> <span class='ocrx_word' id='word_1_58' title='bbox 1030 1136 1110 1199; x_wconf 91' lang='lat' dir='ltr'>dicit</span> <span class='ocrx_word' id='word_1_59' title='bbox 1133 1154 1189 1198; x_wconf 82' lang='lat' dir='ltr'>rex</span> <span class='ocrx_word' id='word_1_60' title='bbox 1213 1134 1272 1211; x_wconf 91' lang='lat' dir='ltr'>his,</span> <span class='ocrx_word' id='word_1_61' title='bbox 1295 1134 1350 1215; x_wconf 86' lang='lat' dir='ltr'>qui</span> <span class='ocrx_word' id='word_1_62' title='bbox 1380 1136 1420 1199; x_wconf 87' lang='lat' dir='ltr'>ad</span> <span class='ocrx_word' id='word_1_63' title='bbox 1445 1136 1565 1200; x_wconf 78' lang='lat' dir='ltr'>dextris</span> <span class='ocrx_word' id='word_1_64' title='bbox 1588 1138 1665 1201; x_wconf 85' lang='lat' dir='ltr'>eins</span> 
     </span>
     <span class='ocr_line' id='line_1_7' title="bbox 355 1238 1663 1324; baseline -0.002 -15"><span class='ocrx_word' id='word_1_65' title='bbox 355 1247 445 1309; x_wconf 90' lang='lat' dir='ltr'>sunt:</span> <span class='ocrx_word' id='word_1_66' title='bbox 481 1242 592 1307; x_wconf 82' lang='lat' dir='ltr'>ltenite</span> <span class='ocrx_word' id='word_1_67' title='bbox 617 1238 776 1305; x_wconf 89' lang='lat' dir='ltr'>benedieti</span> <span class='ocrx_word' id='word_1_68' title='bbox 811 1240 912 1321; x_wconf 85' lang='lat' dir='ltr'>petris</span> <span class='ocrx_word' id='word_1_69' title='bbox 935 1241 1009 1317; x_wconf 89' lang='lat' dir='ltr'>mei,</span> <span class='ocrx_word' id='word_1_70' title='bbox 1040 1240 1203 1321; x_wconf 90' lang='lat' dir='ltr'>possidete</span> <span class='ocrx_word' id='word_1_71' title='bbox 1236 1245 1381 1321; x_wconf 85' lang='lat' dir='ltr'>paratum</span> <span class='ocrx_word' id='word_1_72' title='bbox 1411 1239 1503 1305; x_wconf 88' lang='lat' dir='ltr'>uobis</span> <span class='ocrx_word' id='word_1_73' title='bbox 1525 1260 1663 1324; x_wconf 80' lang='lat' dir='ltr'>regnum</span> 
     </span>
     <span class='ocr_line' id='line_1_8' title="bbox 354 1343 1664 1425; baseline -0.002 -12"><span class='ocrx_word' id='word_1_74' title='bbox 354 1368 374 1413; x_wconf 90' lang='lat' dir='ltr'>a</span> <span class='ocrx_word' id='word_1_75' title='bbox 387 1346 614 1415; x_wconf 88' lang='lat' dir='ltr'>constitutione</span> <span class='ocrx_word' id='word_1_76' title='bbox 626 1343 744 1410; x_wconf 89' lang='lat' dir='ltr'>mundi.</span> <span class='ocrx_word' id='word_1_77' title='bbox 762 1345 811 1409; x_wconf 89' lang='lat'>35.</span> <span class='ocrx_word' id='word_1_78' title='bbox 828 1345 939 1411; x_wconf 87' lang='lat' dir='ltr'>Esnrii</span> <span class='ocrx_word' id='word_1_79' title='bbox 952 1346 1047 1423; x_wconf 86' lang='lat' dir='ltr'>enim,</span> <span class='ocrx_word' id='word_1_80' title='bbox 1060 1352 1093 1409; x_wconf 88' lang='lat' dir='ltr'>et</span> <span class='ocrx_word' id='word_1_81' title='bbox 1106 1343 1327 1410; x_wconf 90' lang='lat' dir='ltr'>dedistismihi</span> <span class='ocrx_word' id='word_1_82' title='bbox 1340 1345 1554 1425; x_wconf 84' lang='lat' dir='ltr'>manducare;</span> <span class='ocrx_word' id='word_1_83' title='bbox 1570 1346 1664 1421; x_wconf 76' lang='lat' dir='ltr'>sitini</span> 
     </span>
     <span class='ocr_line' id='line_1_9' title="bbox 355 1448 1661 1534; baseline -0.003 -15"><span class='ocrx_word' id='word_1_84' title='bbox 355 1458 388 1519; x_wconf 90' lang='lat' dir='ltr'>et</span> <span class='ocrx_word' id='word_1_85' title='bbox 400 1450 535 1519; x_wconf 84' lang='lat' dir='ltr'>dedistis</span> <span class='ocrx_word' id='word_1_86' title='bbox 547 1449 625 1515; x_wconf 92' lang='lat' dir='ltr'>mihi</span> <span class='ocrx_word' id='word_1_87' title='bbox 638 1455 762 1530; x_wconf 87' lang='lat' dir='ltr'>potum;</span> <span class='ocrx_word' id='word_1_88' title='bbox 775 1449 826 1515; x_wconf 87' lang='lat'>36.</span> <span class='ocrx_word' id='word_1_89' title='bbox 840 1468 933 1530; x_wconf 88' lang='lat' dir='ltr'>ospes</span> <span class='ocrx_word' id='word_1_90' title='bbox 947 1468 1046 1524; x_wconf 91' lang='lat' dir='ltr'>eram,</span> <span class='ocrx_word' id='word_1_91' title='bbox 1055 1455 1087 1515; x_wconf 90' lang='lat' dir='ltr'>et</span> <span class='ocrx_word' id='word_1_92' title='bbox 1100 1448 1276 1516; x_wconf 76' lang='lat' dir='ltr'>collexistis</span> <span class='ocrx_word' id='word_1_93' title='bbox 1291 1468 1357 1528; x_wconf 88' lang='lat' dir='ltr'>me;</span> <span class='ocrx_word' id='word_1_94' title='bbox 1371 1450 1485 1529; x_wconf 71' lang='lat' dir='ltr'>nudus</span> <span class='ocrx_word' id='word_1_95' title='bbox 1498 1456 1531 1515; x_wconf 90' lang='lat' dir='ltr'>et</span> <span class='ocrx_word' id='word_1_96' title='bbox 1543 1470 1661 1534; x_wconf 87' lang='lat' dir='ltr'>operu-</span> 
     </span>
     <span class='ocr_line' id='line_1_10' title="bbox 355 1554 1664 1640; baseline -0.003 -16"><span class='ocrx_word' id='word_1_97' title='bbox 355 1558 426 1627; x_wconf 90' lang='lat' dir='ltr'>istis</span> <span class='ocrx_word' id='word_1_98' title='bbox 441 1575 502 1640; x_wconf 87' lang='lat' dir='ltr'>mo,</span> <span class='ocrx_word' id='word_1_99' title='bbox 512 1554 667 1634; x_wconf 87' lang='lat' dir='ltr'>infirmus,</span> <span class='ocrx_word' id='word_1_100' title='bbox 677 1560 709 1619; x_wconf 90' lang='lat' dir='ltr'>et</span> <span class='ocrx_word' id='word_1_101' title='bbox 723 1554 880 1621; x_wconf 89' lang='lat' dir='ltr'>uisitastis</span> <span class='ocrx_word' id='word_1_102' title='bbox 893 1574 954 1634; x_wconf 89' lang='lat' dir='ltr'>me,</span> <span class='ocrx_word' id='word_1_103' title='bbox 968 1554 1000 1619; x_wconf 92' lang='lat' dir='ltr'>in</span> <span class='ocrx_word' id='word_1_104' title='bbox 1012 1573 1171 1620; x_wconf 81' lang='lat' dir='ltr'><strong>carcerem</strong></span> <span class='ocrx_word' id='word_1_105' title='bbox 1181 1574 1278 1638; x_wconf 88' lang='lat' dir='ltr'>eram,</span> <span class='ocrx_word' id='word_1_106' title='bbox 1288 1562 1320 1620; x_wconf 91' lang='lat' dir='ltr'>et</span> <span class='ocrx_word' id='word_1_107' title='bbox 1332 1556 1467 1621; x_wconf 85' lang='lat' dir='ltr'>uenistis</span> <span class='ocrx_word' id='word_1_108' title='bbox 1479 1558 1519 1621; x_wconf 85' lang='lat' dir='ltr'>sd</span> <span class='ocrx_word' id='word_1_109' title='bbox 1536 1575 1594 1623; x_wconf 89' lang='lat' dir='ltr'>me.</span> <span class='ocrx_word' id='word_1_110' title='bbox 1608 1558 1664 1621; x_wconf 79' lang='lat'>37.</span> 
     </span>
     <span class='ocr_line' id='line_1_11' title="bbox 356 1660 1661 1745; baseline -0.003 -14"><span class='ocrx_word' id='word_1_111' title='bbox 356 1664 444 1731; x_wconf 91' lang='lat' dir='ltr'>Tunc</span> <span class='ocrx_word' id='word_1_112' title='bbox 468 1660 704 1745; x_wconf 89' lang='lat' dir='ltr'>respondebunt</span> <span class='ocrx_word' id='word_1_113' title='bbox 724 1660 753 1725; x_wconf 90' lang='lat' dir='ltr'>ei</span> <span class='ocrx_word' id='word_1_114' title='bbox 775 1660 851 1725; x_wconf 89' lang='lat' dir='ltr'>iusti</span> <span class='ocrx_word' id='word_1_115' title='bbox 876 1661 1035 1727; x_wconf 90' lang='lat' dir='ltr'>dicentes:</span> <span class='ocrx_word' id='word_1_116' title='bbox 1059 1660 1194 1739; x_wconf 88' lang='lat' dir='ltr'>domine,</span> <span class='ocrx_word' id='word_1_117' title='bbox 1215 1662 1388 1741; x_wconf 88' lang='lat' dir='ltr'>quandote</span> <span class='ocrx_word' id='word_1_118' title='bbox 1401 1661 1540 1725; x_wconf 84' lang='lat' dir='ltr'>uidimus</span> <span class='ocrx_word' id='word_1_119' title='bbox 1559 1664 1661 1728; x_wconf 89' lang='lat' dir='ltr'>esuri-</span> 
     </span>
     <span class='ocr_line' id='line_1_12' title="bbox 357 1766 1660 1851; baseline -0.002 -16"><span class='ocrx_word' id='word_1_120' title='bbox 357 1774 471 1849; x_wconf 83' lang='lat' dir='ltr'>entem,</span> <span class='ocrx_word' id='word_1_121' title='bbox 487 1772 519 1833; x_wconf 89' lang='lat' dir='ltr'>et</span> <span class='ocrx_word' id='word_1_122' title='bbox 531 1767 677 1851; x_wconf 86' lang='lat' dir='ltr'>ponimus</span> <span class='ocrx_word' id='word_1_123' title='bbox 689 1771 731 1844; x_wconf 89' lang='lat' dir='ltr'>te,</span> <span class='ocrx_word' id='word_1_124' title='bbox 744 1766 916 1845; x_wconf 83' lang='lat' dir='ltr'>sitientem,</span> <span class='ocrx_word' id='word_1_125' title='bbox 926 1772 960 1831; x_wconf 89' lang='lat' dir='ltr'>et</span> <span class='ocrx_word' id='word_1_126' title='bbox 972 1766 1118 1831; x_wconf 82' lang='lat' dir='ltr'>dedimus</span> <span class='ocrx_word' id='word_1_127' title='bbox 1134 1766 1193 1831; x_wconf 93' lang='lat' dir='ltr'>tibi</span> <span class='ocrx_word' id='word_1_128' title='bbox 1206 1772 1337 1849; x_wconf 81' lang='lat' dir='ltr'>potum?</span> <span class='ocrx_word' id='word_1_129' title='bbox 1350 1767 1402 1832; x_wconf 86' lang='grc'><strong>38.</strong></span> <span class='ocrx_word' id='word_1_130' title='bbox 1412 1769 1540 1849; x_wconf 71' lang='lat' dir='ltr'>(luendo</span> <span class='ocrx_word' id='word_1_131' title='bbox 1552 1771 1660 1833; x_wconf 87' lang='lat' dir='ltr'>autern</span> 
     </span>
     <span class='ocr_line' id='line_1_13' title="bbox 357 1869 1659 1953; baseline -0.002 -13"><span class='ocrx_word' id='word_1_132' title='bbox 357 1880 390 1941; x_wconf 91' lang='lat' dir='ltr'>te</span> <span class='ocrx_word' id='word_1_133' title='bbox 410 1872 548 1939; x_wconf 89' lang='lat' dir='ltr'>uidimus</span> <span class='ocrx_word' id='word_1_134' title='bbox 570 1870 730 1953; x_wconf 84' lang='lat' dir='ltr'>hospitem</span> <span class='ocrx_word' id='word_1_135' title='bbox 747 1875 779 1934; x_wconf 90' lang='lat' dir='ltr'>et</span> <span class='ocrx_word' id='word_1_136' title='bbox 794 1869 980 1953; x_wconf 79' lang='lat' dir='ltr'>collegimus</span> <span class='ocrx_word' id='word_1_137' title='bbox 1000 1876 1042 1946; x_wconf 91' lang='lat' dir='ltr'>te,</span> <span class='ocrx_word' id='word_1_138' title='bbox 1060 1879 1116 1937; x_wconf 90' lang='lat' dir='ltr'>aut</span> <span class='ocrx_word' id='word_1_139' title='bbox 1139 1872 1272 1950; x_wconf 91' lang='lat' dir='ltr'>nudum,</span> <span class='ocrx_word' id='word_1_140' title='bbox 1288 1876 1322 1936; x_wconf 86' lang='lat' dir='ltr'>et</span> <span class='ocrx_word' id='word_1_141' title='bbox 1337 1872 1537 1953; x_wconf 80' lang='lat' dir='ltr'>cooperimus</span> <span class='ocrx_word' id='word_1_142' title='bbox 1552 1880 1593 1937; x_wconf 91' lang='lat' dir='ltr'>to.</span> <span class='ocrx_word' id='word_1_143' title='bbox 1607 1874 1659 1937; x_wconf 81' lang='lat'>39.</span> 
     </span>
     <span class='ocr_line' id='line_1_14' title="bbox 357 1974 1658 2058; baseline -0.002 -15"><span class='ocrx_word' id='word_1_144' title='bbox 357 1982 413 2045; x_wconf 87' lang='lat' dir='ltr'>sut</span> <span class='ocrx_word' id='word_1_145' title='bbox 435 1976 563 2058; x_wconf 87' lang='lat' dir='ltr'>quando</span> <span class='ocrx_word' id='word_1_146' title='bbox 589 1974 747 2041; x_wconf 85' lang='lat' dir='ltr'>infirmum</span> <span class='ocrx_word' id='word_1_147' title='bbox 770 1981 827 2041; x_wconf 86' lang='lat' dir='ltr'>sut</span> <span class='ocrx_word' id='word_1_148' title='bbox 849 1975 882 2039; x_wconf 91' lang='lat' dir='ltr'>in</span> <span class='ocrx_word' id='word_1_149' title='bbox 906 1994 1069 2041; x_wconf 84' lang='lat' dir='ltr'>carcerem</span> <span class='ocrx_word' id='word_1_150' title='bbox 1100 1983 1133 2039; x_wconf 89' lang='lat' dir='ltr'>et</span> <span class='ocrx_word' id='word_1_151' title='bbox 1154 1978 1302 2042; x_wconf 86' lang='lat' dir='ltr'>neuimus</span> <span class='ocrx_word' id='word_1_152' title='bbox 1324 1978 1364 2041; x_wconf 89' lang='lat' dir='ltr'>ad</span> <span class='ocrx_word' id='word_1_153' title='bbox 1388 1976 1446 2041; x_wconf 78' lang='lat' dir='ltr'>te?</span> <span class='ocrx_word' id='word_1_154' title='bbox 1468 1981 1520 2044; x_wconf 83' lang='grc'><strong>40.</strong></span> <span class='ocrx_word' id='word_1_155' title='bbox 1545 1978 1588 2043; x_wconf 86' lang='lat' dir='ltr'>Et</span> <span class='ocrx_word' id='word_1_156' title='bbox 1609 1998 1658 2043; x_wconf 89' lang='lat' dir='ltr'>re-</span> 
     </span>
     <span class='ocr_line' id='line_1_15' title="bbox 358 2080 1658 2165; baseline -0.001 -16"><span class='ocrx_word' id='word_1_157' title='bbox 358 2082 518 2165; x_wconf 91' lang='lat' dir='ltr'>spondens</span> <span class='ocrx_word' id='word_1_158' title='bbox 542 2100 598 2147; x_wconf 85' lang='lat' dir='ltr'>rex</span> <span class='ocrx_word' id='word_1_159' title='bbox 622 2080 701 2147; x_wconf 91' lang='lat' dir='ltr'>dicit</span> <span class='ocrx_word' id='word_1_160' title='bbox 716 2080 797 2145; x_wconf 90' lang='lat' dir='ltr'>illis:</span> <span class='ocrx_word' id='word_1_161' title='bbox 822 2083 925 2145; x_wconf 80' lang='lat' dir='ltr'>Amen</span> <span class='ocrx_word' id='word_1_162' title='bbox 940 2080 1127 2159; x_wconf 91' lang='lat' dir='ltr'>dicouobis,</span> <span class='ocrx_word' id='word_1_163' title='bbox 1152 2080 1303 2163; x_wconf 85' lang='lat' dir='ltr'>quamdiu</span> <span class='ocrx_word' id='word_1_164' title='bbox 1320 2082 1442 2148; x_wconf 83' lang='lat' dir='ltr'>lecistis</span> <span class='ocrx_word' id='word_1_165' title='bbox 1465 2082 1520 2147; x_wconf 92' lang='lat' dir='ltr'>uni</span> <span class='ocrx_word' id='word_1_166' title='bbox 1544 2082 1658 2149; x_wconf 86' lang='lat' dir='ltr'>horum</span> 
     </span>
     <span class='ocr_line' id='line_1_16' title="bbox 357 2185 1659 2269; baseline 0 -16"><span class='ocrx_word' id='word_1_167' title='bbox 357 2186 493 2253; x_wconf 87' lang='lat' dir='ltr'>lrstrum</span> <span class='ocrx_word' id='word_1_168' title='bbox 517 2204 658 2253; x_wconf 88' lang='lat' dir='ltr'>ursorum</span> <span class='ocrx_word' id='word_1_169' title='bbox 687 2186 898 2265; x_wconf 88' lang='lat' dir='ltr'>minimorum,</span> <span class='ocrx_word' id='word_1_170' title='bbox 935 2185 1012 2251; x_wconf 92' lang='lat' dir='ltr'>mihi</span> <span class='ocrx_word' id='word_1_171' title='bbox 1036 2186 1167 2251; x_wconf 86' lang='lat' dir='ltr'>lecistis.</span> <span class='ocrx_word' id='word_1_172' title='bbox 1199 2189 1251 2252; x_wconf 86' lang='lat'>41.</span> <span class='ocrx_word' id='word_1_173' title='bbox 1275 2186 1363 2251; x_wconf 84' lang='lat' dir='ltr'>Turre</span> <span class='ocrx_word' id='word_1_174' title='bbox 1386 2186 1464 2253; x_wconf 90' lang='lat' dir='ltr'>dicit</span> <span class='ocrx_word' id='word_1_175' title='bbox 1486 2190 1525 2267; x_wconf 92' lang='lat' dir='ltr'>is,</span> <span class='ocrx_word' id='word_1_176' title='bbox 1549 2190 1601 2269; x_wconf 91' lang='lat' dir='ltr'>qni</span> <span class='ocrx_word' id='word_1_177' title='bbox 1619 2188 1659 2253; x_wconf 89' lang='lat' dir='ltr'>ad</span> 
     </span>
     <span class='ocr_line' id='line_1_17' title="bbox 359 2290 1658 2373; baseline 0.001 -15"><span class='ocrx_word' id='word_1_178' title='bbox 359 2292 499 2359; x_wconf 85' lang='lat' dir='ltr'>simstris</span> <span class='ocrx_word' id='word_1_179' title='bbox 533 2292 603 2357; x_wconf 92' lang='lat' dir='ltr'>eius</span> <span class='ocrx_word' id='word_1_180' title='bbox 634 2296 724 2356; x_wconf 90' lang='lat' dir='ltr'>suot:</span> <span class='ocrx_word' id='word_1_181' title='bbox 761 2290 916 2355; x_wconf 88' lang='lat' dir='ltr'>discedite</span> <span class='ocrx_word' id='word_1_182' title='bbox 951 2311 970 2356; x_wconf 88' lang='lat' dir='ltr'>a</span> <span class='ocrx_word' id='word_1_183' title='bbox 1004 2309 1055 2355; x_wconf 91' lang='lat' dir='ltr'>me</span> <span class='ocrx_word' id='word_1_184' title='bbox 1084 2290 1244 2356; x_wconf 89' lang='lat' dir='ltr'>maledicti</span> <span class='ocrx_word' id='word_1_185' title='bbox 1280 2292 1312 2356; x_wconf 94' lang='lat' dir='ltr'>in</span> <span class='ocrx_word' id='word_1_186' title='bbox 1344 2292 1446 2373; x_wconf 83' lang='lat' dir='ltr'>ignem</span> <span class='ocrx_word' id='word_1_187' title='bbox 1482 2297 1658 2373; x_wconf 85' lang='lat' dir='ltr'>aeternum,</span> 
     </span>
     <span class='ocr_line' id='line_1_18' title="bbox 358 2394 1655 2481; baseline 0 -18"><span class='ocrx_word' id='word_1_188' title='bbox 358 2416 450 2481; x_wconf 88' lang='lat' dir='ltr'>quem</span> <span class='ocrx_word' id='word_1_189' title='bbox 482 2397 607 2479; x_wconf 76' lang='lat' dir='ltr'>prorsuit</span> <span class='ocrx_word' id='word_1_190' title='bbox 639 2400 730 2478; x_wconf 85' lang='lat' dir='ltr'>puter</span> <span class='ocrx_word' id='word_1_191' title='bbox 752 2414 841 2459; x_wconf 92' lang='lat' dir='ltr'>meus</span> <span class='ocrx_word' id='word_1_192' title='bbox 865 2394 994 2459; x_wconf 89' lang='lat' dir='ltr'>diabulo</span> <span class='ocrx_word' id='word_1_193' title='bbox 1017 2401 1050 2461; x_wconf 89' lang='lat' dir='ltr'>st</span> <span class='ocrx_word' id='word_1_194' title='bbox 1072 2395 1195 2477; x_wconf 83' lang='lat' dir='ltr'>augelis</span> <span class='ocrx_word' id='word_1_195' title='bbox 1226 2397 1304 2464; x_wconf 85' lang='lat' dir='ltr'>eius.</span> <span class='ocrx_word' id='word_1_196' title='bbox 1351 2400 1403 2461; x_wconf 75' lang='lat'>42.</span> <span class='ocrx_word' id='word_1_197' title='bbox 1429 2398 1537 2463; x_wconf 86' lang='lat' dir='ltr'>Esurii</span> <span class='ocrx_word' id='word_1_198' title='bbox 1560 2400 1655 2477; x_wconf 88' lang='lat' dir='ltr'>enim,</span> 
     </span>
     <span class='ocr_line' id='line_1_19' title="bbox 359 2491 1656 2585; baseline -0.002 -16"><span class='ocrx_word' id='word_1_199' title='bbox 359 2510 393 2569; x_wconf 91' lang='lat' dir='ltr'>et</span> <span class='ocrx_word' id='word_1_200' title='bbox 416 2522 478 2569; x_wconf 94' lang='lat' dir='ltr'>non</span> <span class='ocrx_word' id='word_1_201' title='bbox 501 2500 637 2568; x_wconf 89' lang='lat' dir='ltr'>dedistis</span> <span class='ocrx_word' id='word_1_202' title='bbox 660 2500 737 2566; x_wconf 91' lang='lat' dir='ltr'>mihi</span> <span class='ocrx_word' id='word_1_203' title='bbox 762 2501 977 2577; x_wconf 86' lang='lat' dir='ltr'>manducare;</span> <span class='ocrx_word' id='word_1_204' title='bbox 1013 2500 1111 2584; x_wconf 86' lang='lat' dir='ltr'>sitini,</span> <span class='ocrx_word' id='word_1_205' title='bbox 1139 2508 1172 2566; x_wconf 92' lang='lat' dir='ltr'>et</span> <span class='ocrx_word' id='word_1_206' title='bbox 1187 2520 1248 2565; x_wconf 91' lang='lat' dir='ltr'>noo</span> <span class='ocrx_word' id='word_1_207' title='bbox 1273 2491 1410 2567; x_wconf 75' lang='lat' dir='ltr'>dedistis</span> <span class='ocrx_word' id='word_1_208' title='bbox 1438 2502 1514 2567; x_wconf 91' lang='lat' dir='ltr'>mihi</span> <span class='ocrx_word' id='word_1_209' title='bbox 1532 2506 1656 2585; x_wconf 73' lang='lat' dir='ltr'>protum,</span> 
     </span>
     <span class='ocr_line' id='line_1_20' title="bbox 363 2604 1660 2689; baseline -0.002 -14"><span class='ocrx_word' id='word_1_210' title='bbox 363 2612 417 2675; x_wconf 83' lang='lat'>43.</span> <span class='ocrx_word' id='word_1_211' title='bbox 442 2609 560 2689; x_wconf 83' lang='lat' dir='ltr'>hospes</span> <span class='ocrx_word' id='word_1_212' title='bbox 595 2626 691 2686; x_wconf 76' lang='lat' dir='ltr'>erant,</span> <span class='ocrx_word' id='word_1_213' title='bbox 724 2610 757 2671; x_wconf 89' lang='lat' dir='ltr'>et</span> <span class='ocrx_word' id='word_1_214' title='bbox 786 2624 847 2671; x_wconf 92' lang='lat' dir='ltr'>non</span> <span class='ocrx_word' id='word_1_215' title='bbox 879 2604 1054 2672; x_wconf 83' lang='lat' dir='ltr'>collexistis</span> <span class='ocrx_word' id='word_1_216' title='bbox 1089 2625 1148 2689; x_wconf 85' lang='lat' dir='ltr'>rue,</span> <span class='ocrx_word' id='word_1_217' title='bbox 1180 2605 1294 2685; x_wconf 91' lang='lat' dir='ltr'>nudus,</span> <span class='ocrx_word' id='word_1_218' title='bbox 1326 2612 1360 2672; x_wconf 91' lang='lat' dir='ltr'>et</span> <span class='ocrx_word' id='word_1_219' title='bbox 1389 2625 1452 2672; x_wconf 93' lang='lat' dir='ltr'>non</span> <span class='ocrx_word' id='word_1_220' title='bbox 1478 2606 1660 2689; x_wconf 66' lang='lat' dir='ltr'>operuistis</span> 
     </span>
     <span class='ocr_line' id='line_1_21' title="bbox 359 2710 1661 2793; baseline -0.002 -14"><span class='ocrx_word' id='word_1_221' title='bbox 359 2712 502 2779; x_wconf 83' lang='lat' dir='ltr'>infirmus</span> <span class='ocrx_word' id='word_1_222' title='bbox 525 2717 559 2777; x_wconf 91' lang='lat' dir='ltr'>et</span> <span class='ocrx_word' id='word_1_223' title='bbox 580 2712 613 2778; x_wconf 92' lang='lat' dir='ltr'>in</span> <span class='ocrx_word' id='word_1_224' title='bbox 636 2730 804 2790; x_wconf 83' lang='lat' dir='ltr'>carcerem,</span> <span class='ocrx_word' id='word_1_225' title='bbox 830 2716 863 2775; x_wconf 90' lang='lat' dir='ltr'>et</span> <span class='ocrx_word' id='word_1_226' title='bbox 886 2729 948 2776; x_wconf 92' lang='lat' dir='ltr'>non</span> <span class='ocrx_word' id='word_1_227' title='bbox 972 2712 1131 2777; x_wconf 87' lang='lat' dir='ltr'>uisitustis</span> <span class='ocrx_word' id='word_1_228' title='bbox 1155 2729 1213 2776; x_wconf 89' lang='lat' dir='ltr'>me.</span> <span class='ocrx_word' id='word_1_229' title='bbox 1237 2714 1290 2778; x_wconf 84' lang='grc'><strong>44.</strong></span> <span class='ocrx_word' id='word_1_230' title='bbox 1316 2710 1406 2776; x_wconf 88' lang='lat' dir='ltr'>Tunc</span> <span class='ocrx_word' id='word_1_231' title='bbox 1422 2712 1661 2793; x_wconf 86' lang='lat' dir='ltr'>respondebunt</span> 
     </span>
     <span class='ocr_line' id='line_1_22' title="bbox 362 2814 1659 2900; baseline -0.004 -17"><span class='ocrx_word' id='word_1_232' title='bbox 362 2822 395 2883; x_wconf 89' lang='lat' dir='ltr'>et</span> <span class='ocrx_word' id='word_1_233' title='bbox 419 2818 481 2900; x_wconf 91' lang='lat' dir='ltr'>ipsi</span> <span class='ocrx_word' id='word_1_234' title='bbox 498 2815 654 2883; x_wconf 90' lang='lat' dir='ltr'>dicentes:</span> <span class='ocrx_word' id='word_1_235' title='bbox 683 2816 820 2898; x_wconf 89' lang='lat' dir='ltr'>domine,</span> <span class='ocrx_word' id='word_1_236' title='bbox 846 2815 973 2900; x_wconf 77' lang='lat' dir='ltr'>‹pirrindo</span> <span class='ocrx_word' id='word_1_237' title='bbox 997 2822 1028 2880; x_wconf 92' lang='lat' dir='ltr'>te</span> <span class='ocrx_word' id='word_1_238' title='bbox 1045 2814 1185 2881; x_wconf 90' lang='lat' dir='ltr'>uidimus</span> <span class='ocrx_word' id='word_1_239' title='bbox 1208 2817 1400 2881; x_wconf 85' lang='lat' dir='ltr'>esurientem</span> <span class='ocrx_word' id='word_1_240' title='bbox 1418 2821 1475 2881; x_wconf 89' lang='lat' dir='ltr'>aut</span> <span class='ocrx_word' id='word_1_241' title='bbox 1489 2816 1659 2896; x_wconf 87' lang='lat' dir='ltr'>sitientem,</span> 
     </span>
     <span class='ocr_line' id='line_1_23' title="bbox 360 2920 1659 3005; baseline -0.002 -16"><span class='ocrx_word' id='word_1_242' title='bbox 360 2928 416 2989; x_wconf 89' lang='lat' dir='ltr'>aut</span> <span class='ocrx_word' id='word_1_243' title='bbox 439 2923 608 3005; x_wconf 85' lang='lat' dir='ltr'>hospitem,</span> <span class='ocrx_word' id='word_1_244' title='bbox 633 2927 689 2986; x_wconf 85' lang='lat' dir='ltr'>out</span> <span class='ocrx_word' id='word_1_245' title='bbox 711 2922 839 3000; x_wconf 90' lang='lat' dir='ltr'>nudum,</span> <span class='ocrx_word' id='word_1_246' title='bbox 866 2920 917 2986; x_wconf 90' lang='lat' dir='ltr'>uel</span> <span class='ocrx_word' id='word_1_247' title='bbox 940 2922 972 2986; x_wconf 92' lang='lat' dir='ltr'>iu</span> <span class='ocrx_word' id='word_1_248' title='bbox 996 2939 1169 3000; x_wconf 87' lang='lat' dir='ltr'>carcerom,</span> <span class='ocrx_word' id='word_1_249' title='bbox 1201 2927 1257 2987; x_wconf 86' lang='lat' dir='ltr'>sut</span> <span class='ocrx_word' id='word_1_250' title='bbox 1279 2921 1436 2987; x_wconf 87' lang='lat' dir='ltr'>infirmum</span> <span class='ocrx_word' id='word_1_251' title='bbox 1460 2928 1493 2988; x_wconf 91' lang='lat' dir='ltr'>et</span> <span class='ocrx_word' id='word_1_252' title='bbox 1516 2941 1578 2987; x_wconf 91' lang='lat' dir='ltr'>non</span> <span class='ocrx_word' id='word_1_253' title='bbox 1601 2923 1659 2987; x_wconf 89' lang='lat' dir='ltr'>mi·</span> 
     </span>
     <span class='ocr_line' id='line_1_24' title="bbox 358 3026 1659 3108; baseline -0.002 -12"><span class='ocrx_word' id='word_1_254' title='bbox 358 3027 570 3096; x_wconf 88' lang='lat' dir='ltr'>nistrahimus</span> <span class='ocrx_word' id='word_1_255' title='bbox 594 3026 649 3092; x_wconf 81' lang='lat' dir='ltr'>te?</span> <span class='ocrx_word' id='word_1_256' title='bbox 672 3029 724 3093; x_wconf 78' lang='lat'>45.</span> <span class='ocrx_word' id='word_1_257' title='bbox 760 3027 848 3092; x_wconf 88' lang='lat' dir='ltr'>Tunc</span> <span class='ocrx_word' id='word_1_258' title='bbox 872 3027 1080 3108; x_wconf 84' lang='lat' dir='ltr'>respondebit</span> <span class='ocrx_word' id='word_1_259' title='bbox 1102 3026 1166 3093; x_wconf 91' lang='lat' dir='ltr'>illis</span> <span class='ocrx_word' id='word_1_260' title='bbox 1191 3028 1315 3093; x_wconf 88' lang='lat' dir='ltr'>dicens:</span> <span class='ocrx_word' id='word_1_261' title='bbox 1341 3027 1440 3091; x_wconf 83' lang='lat' dir='ltr'>Amen</span> <span class='ocrx_word' id='word_1_262' title='bbox 1464 3027 1535 3094; x_wconf 92' lang='lat' dir='ltr'>dico</span> <span class='ocrx_word' id='word_1_263' title='bbox 1553 3027 1659 3093; x_wconf 88' lang='lat' dir='ltr'>uobis:</span> 
     </span>
     <span class='ocr_line' id='line_1_25' title="bbox 360 3130 1660 3215; baseline -0.002 -15"><span class='ocrx_word' id='word_1_264' title='bbox 360 3132 501 3215; x_wconf 84' lang='lat' dir='ltr'>quandiu</span> <span class='ocrx_word' id='word_1_265' title='bbox 524 3151 587 3196; x_wconf 92' lang='lat' dir='ltr'>non</span> <span class='ocrx_word' id='word_1_266' title='bbox 610 3131 733 3197; x_wconf 86' lang='lat' dir='ltr'>lecistis</span> <span class='ocrx_word' id='word_1_267' title='bbox 757 3132 811 3196; x_wconf 92' lang='lat' dir='ltr'>uni</span> <span class='ocrx_word' id='word_1_268' title='bbox 836 3131 875 3196; x_wconf 85' lang='lat' dir='ltr'>de</span> <span class='ocrx_word' id='word_1_269' title='bbox 900 3131 1074 3197; x_wconf 85' lang='lat' dir='ltr'>minorihus</span> <span class='ocrx_word' id='word_1_270' title='bbox 1096 3133 1158 3211; x_wconf 92' lang='lat' dir='ltr'>his,</span> <span class='ocrx_word' id='word_1_271' title='bbox 1183 3151 1240 3196; x_wconf 87' lang='lat' dir='ltr'>nee</span> <span class='ocrx_word' id='word_1_272' title='bbox 1257 3130 1333 3196; x_wconf 87' lang='lat' dir='ltr'>mihi</span> <span class='ocrx_word' id='word_1_273' title='bbox 1349 3131 1482 3197; x_wconf 85' lang='lat' dir='ltr'>lecistis.</span> <span class='ocrx_word' id='word_1_274' title='bbox 1502 3131 1544 3197; x_wconf 79' lang='lat' dir='ltr'>Et</span> <span class='ocrx_word' id='word_1_275' title='bbox 1559 3132 1660 3212; x_wconf 90' lang='lat' dir='ltr'>ibunt,</span> 
     </span>
     <span class='ocr_line' id='line_1_26' title="bbox 360 3235 1386 3320; baseline -0.003 -15"><span class='ocrx_word' id='word_1_276' title='bbox 360 3239 392 3305; x_wconf 93' lang='lat' dir='ltr'>hi</span> <span class='ocrx_word' id='word_1_277' title='bbox 416 3238 447 3304; x_wconf 93' lang='lat' dir='ltr'>in</span> <span class='ocrx_word' id='word_1_278' title='bbox 471 3239 575 3320; x_wconf 78' lang='lat' dir='ltr'>ignem</span> <span class='ocrx_word' id='word_1_279' title='bbox 600 3242 775 3320; x_wconf 87' lang='lat' dir='ltr'>aeternum,</span> <span class='ocrx_word' id='word_1_280' title='bbox 804 3235 880 3302; x_wconf 88' lang='lat' dir='ltr'>iusti</span> <span class='ocrx_word' id='word_1_281' title='bbox 904 3242 1009 3302; x_wconf 88' lang='lat' dir='ltr'>autem</span> <span class='ocrx_word' id='word_1_282' title='bbox 1033 3237 1066 3300; x_wconf 91' lang='lat' dir='ltr'>in</span> <span class='ocrx_word' id='word_1_283' title='bbox 1090 3237 1191 3302; x_wconf 86' lang='lat' dir='ltr'>uitam</span> <span class='ocrx_word' id='word_1_284' title='bbox 1214 3241 1386 3302; x_wconf 83' lang='lat' dir='ltr'>aeternam.</span> 
     </span>
    </p>
   </div>
   <div class='ocr_carea' id='block_1_3' title="bbox 361 3445 1661 4895">
    <p class='ocr_par' dir='ltr' id='par_1_3' title="bbox 361 3445 1661 4895">
     <span class='ocr_line' id='line_1_27' title="bbox 463 3445 1661 3531; baseline 0.001 -17"><span class='ocrx_word' id='word_1_285' title='bbox 463 3445 598 3515; x_wconf 85' lang='lat' dir='ltr'><strong>xxv1.</strong></span> <span class='ocrx_word' id='word_1_286' title='bbox 627 3451 652 3512; x_wconf 91' lang='lat' dir='ltr'>l.</span> <span class='ocrx_word' id='word_1_287' title='bbox 678 3447 720 3511; x_wconf 83' lang='lat' dir='ltr'>Et</span> <span class='ocrx_word' id='word_1_288' title='bbox 736 3445 856 3512; x_wconf 87' lang='lat' dir='ltr'>iactum</span> <span class='ocrx_word' id='word_1_289' title='bbox 874 3450 933 3528; x_wconf 89' lang='lat' dir='ltr'>est,</span> <span class='ocrx_word' id='word_1_290' title='bbox 950 3453 1121 3531; x_wconf 88' lang='lat' dir='ltr'>postquam</span> <span class='ocrx_word' id='word_1_291' title='bbox 1138 3448 1370 3512; x_wconf 86' lang='lat' dir='ltr'>consununauit</span> <span class='ocrx_word' id='word_1_292' title='bbox 1385 3446 1481 3513; x_wconf 88' lang='lat' dir='ltr'>Jesns</span> <span class='ocrx_word' id='word_1_293' title='bbox 1496 3466 1661 3515; x_wconf 88' lang='lat' dir='ltr'>sermones</span> 
     </span>
     <span class='ocr_line' id='line_1_28' title="bbox 362 3549 1661 3636; baseline 0.002 -18"><span class='ocrx_word' id='word_1_294' title='bbox 362 3554 420 3620; x_wconf 89' lang='lat' dir='ltr'>hos</span> <span class='ocrx_word' id='word_1_295' title='bbox 445 3570 565 3631; x_wconf 90' lang='lat' dir='ltr'>omnes,</span> <span class='ocrx_word' id='word_1_296' title='bbox 598 3551 681 3617; x_wconf 85' lang='lat' dir='ltr'>dixit</span> <span class='ocrx_word' id='word_1_297' title='bbox 704 3549 866 3633; x_wconf 89' lang='lat' dir='ltr'>discipulis</span> <span class='ocrx_word' id='word_1_298' title='bbox 889 3553 978 3616; x_wconf 90' lang='lat' dir='ltr'>suis:</span> <span class='ocrx_word' id='word_1_299' title='bbox 1014 3554 1042 3615; x_wconf 77' lang='lat'>2.</span> <span class='ocrx_word' id='word_1_300' title='bbox 1067 3551 1164 3618; x_wconf 86' lang='lat' dir='ltr'>Scitis</span> <span class='ocrx_word' id='word_1_301' title='bbox 1188 3552 1263 3633; x_wconf 86' lang='lat' dir='ltr'>quia</span> <span class='ocrx_word' id='word_1_302' title='bbox 1287 3558 1359 3635; x_wconf 88' lang='lat' dir='ltr'>post</span> <span class='ocrx_word' id='word_1_303' title='bbox 1380 3552 1511 3618; x_wconf 89' lang='lat' dir='ltr'>biduum</span> <span class='ocrx_word' id='word_1_304' title='bbox 1542 3555 1661 3636; x_wconf 85' lang='lat' dir='ltr'>pascha</span> 
     </span>
     <span class='ocr_line' id='line_1_29' title="bbox 363 3655 1661 3743; baseline 0 -19"><span class='ocrx_word' id='word_1_305' title='bbox 363 3659 429 3743; x_wconf 87' lang='lat' dir='ltr'>liet,</span> <span class='ocrx_word' id='word_1_306' title='bbox 454 3663 487 3723; x_wconf 89' lang='lat' dir='ltr'>ot</span> <span class='ocrx_word' id='word_1_307' title='bbox 502 3655 587 3724; x_wconf 87' lang='lat' dir='ltr'>filius</span> <span class='ocrx_word' id='word_1_308' title='bbox 610 3657 745 3724; x_wconf 90' lang='lat' dir='ltr'>hominis</span> <span class='ocrx_word' id='word_1_309' title='bbox 764 3657 912 3722; x_wconf 90' lang='lat' dir='ltr'>trudetur</span> <span class='ocrx_word' id='word_1_310' title='bbox 936 3663 971 3723; x_wconf 89' lang='lat' dir='ltr'>ut</span> <span class='ocrx_word' id='word_1_311' title='bbox 993 3655 1209 3740; x_wconf 79' lang='lat' dir='ltr'>crucifigatur.</span> <span class='ocrx_word' id='word_1_312' title='bbox 1233 3661 1262 3725; x_wconf 88' lang='lat'>3.</span> <span class='ocrx_word' id='word_1_313' title='bbox 1286 3657 1373 3724; x_wconf 88' lang='lat' dir='ltr'>Tunc</span> <span class='ocrx_word' id='word_1_314' title='bbox 1389 3659 1571 3741; x_wconf 79' lang='lat' dir='ltr'>congregati</span> <span class='ocrx_word' id='word_1_315' title='bbox 1587 3665 1661 3725; x_wconf 91' lang='lat' dir='ltr'>sunt</span> 
     </span>
     <span class='ocr_line' id='line_1_30' title="bbox 362 3762 1660 3846; baseline 0 -17"><span class='ocrx_word' id='word_1_316' title='bbox 362 3763 521 3846; x_wconf 87' lang='lat' dir='ltr'>principes</span> <span class='ocrx_word' id='word_1_317' title='bbox 538 3762 739 3827; x_wconf 88' lang='lat' dir='ltr'>sacerdotum</span> <span class='ocrx_word' id='word_1_318' title='bbox 756 3765 788 3826; x_wconf 91' lang='lat' dir='ltr'>et</span> <span class='ocrx_word' id='word_1_319' title='bbox 804 3763 947 3827; x_wconf 90' lang='lat' dir='ltr'>seniores</span> <span class='ocrx_word' id='word_1_320' title='bbox 963 3763 1073 3844; x_wconf 90' lang='lat' dir='ltr'>populi</span> <span class='ocrx_word' id='word_1_321' title='bbox 1089 3764 1121 3826; x_wconf 92' lang='lat' dir='ltr'>in</span> <span class='ocrx_word' id='word_1_322' title='bbox 1145 3765 1261 3828; x_wconf 90' lang='lat' dir='ltr'>atrium</span> <span class='ocrx_word' id='word_1_323' title='bbox 1278 3763 1430 3845; x_wconf 92' lang='lat' dir='ltr'>principis</span> <span class='ocrx_word' id='word_1_324' title='bbox 1446 3765 1660 3846; x_wconf 89' lang='lat' dir='ltr'>sacerdotnm,</span> 
     </span>
     <span class='ocr_line' id='line_1_31' title="bbox 362 3864 1661 3952; baseline 0 -17"><span class='ocrx_word' id='word_1_325' title='bbox 362 3871 416 3952; x_wconf 90' lang='lat' dir='ltr'>qui</span> <span class='ocrx_word' id='word_1_326' title='bbox 439 3868 605 3934; x_wconf 88' lang='lat' dir='ltr'>dicebatur</span> <span class='ocrx_word' id='word_1_327' title='bbox 630 3864 748 3946; x_wconf 85' lang='lat' dir='ltr'>Caitas,</span> <span class='ocrx_word' id='word_1_328' title='bbox 771 3868 801 3931; x_wconf 87' lang='lat'>4.</span> <span class='ocrx_word' id='word_1_329' title='bbox 826 3873 859 3931; x_wconf 91' lang='lat' dir='ltr'>et</span> <span class='ocrx_word' id='word_1_330' title='bbox 881 3867 1047 3932; x_wconf 92' lang='lat' dir='ltr'>consilium</span> <span class='ocrx_word' id='word_1_331' title='bbox 1071 3864 1399 3942; x_wconf 89' lang='lat' dir='ltr'>lece1·unt‚utJesum</span> <span class='ocrx_word' id='word_1_332' title='bbox 1423 3867 1496 3935; x_wconf 93' lang='lat' dir='ltr'>dolo</span> <span class='ocrx_word' id='word_1_333' title='bbox 1511 3874 1661 3935; x_wconf 86' lang='lat' dir='ltr'>tenerent</span> 
     </span>
     <span class='ocr_line' id='line_1_32' title="bbox 362 3971 1660 4040; baseline -0.001 0"><span class='ocrx_word' id='word_1_334' title='bbox 362 3983 393 4040; x_wconf 86' lang='lat' dir='ltr'>st</span> <span class='ocrx_word' id='word_1_335' title='bbox 416 3973 611 4038; x_wconf 84' lang='lat' dir='ltr'>occiderent.</span> <span class='ocrx_word' id='word_1_336' title='bbox 643 3975 671 4038; x_wconf 85' lang='lat'>5.</span> <span class='ocrx_word' id='word_1_337' title='bbox 698 3971 855 4036; x_wconf 82' lang='lat' dir='ltr'>Dicebant</span> <span class='ocrx_word' id='word_1_338' title='bbox 875 3976 999 4038; x_wconf 88' lang='lat' dir='ltr'>autern:</span> <span class='ocrx_word' id='word_1_339' title='bbox 1023 3977 1136 4037; x_wconf 92' lang='lat' dir='ltr'>utnon</span> <span class='ocrx_word' id='word_1_340' title='bbox 1153 3973 1204 4036; x_wconf 92' lang='lat' dir='ltr'>die</span> <span class='ocrx_word' id='word_1_341' title='bbox 1227 3971 1309 4038; x_wconf 84' lang='lat' dir='ltr'>testo</span> <span class='ocrx_word' id='word_1_342' title='bbox 1333 3974 1487 4038; x_wconf 90' lang='lat' dir='ltr'>tumultus</span> <span class='ocrx_word' id='word_1_343' title='bbox 1514 3971 1606 4039; x_wconf 85' lang='lat' dir='ltr'>fieret</span> <span class='ocrx_word' id='word_1_344' title='bbox 1628 3975 1660 4039; x_wconf 94' lang='lat' dir='ltr'>in</span> 
     </span>
     <span class='ocr_line' id='line_1_33' title="bbox 364 4073 1661 4161; baseline 0.002 -18"><span class='ocrx_word' id='word_1_345' title='bbox 364 4078 489 4161; x_wconf 90' lang='lat' dir='ltr'>populo.</span> <span class='ocrx_word' id='word_1_346' title='bbox 526 4081 556 4144; x_wconf 88' lang='lat'>6.</span> <span class='ocrx_word' id='word_1_347' title='bbox 592 4073 670 4141; x_wconf 82' lang='lat' dir='ltr'>Cum</span> <span class='ocrx_word' id='word_1_348' title='bbox 703 4082 808 4141; x_wconf 85' lang='lat' dir='ltr'>auteur</span> <span class='ocrx_word' id='word_1_349' title='bbox 840 4084 928 4143; x_wconf 90' lang='lat' dir='ltr'>esset</span> <span class='ocrx_word' id='word_1_350' title='bbox 957 4076 1053 4143; x_wconf 80' lang='lat' dir='ltr'>lesus</span> <span class='ocrx_word' id='word_1_351' title='bbox 1084 4079 1115 4141; x_wconf 91' lang='lat' dir='ltr'>io</span> <span class='ocrx_word' id='word_1_352' title='bbox 1147 4076 1303 4142; x_wconf 83' lang='lat' dir='ltr'>Bethania</span> <span class='ocrx_word' id='word_1_353' title='bbox 1338 4079 1369 4143; x_wconf 91' lang='lat' dir='ltr'>io</span> <span class='ocrx_word' id='word_1_354' title='bbox 1402 4079 1493 4144; x_wconf 92' lang='lat' dir='ltr'>domo</span> <span class='ocrx_word' id='word_1_355' title='bbox 1523 4078 1661 4145; x_wconf 86' lang='lat' dir='ltr'>Simonis</span> 
     </span>
     <span class='ocr_line' id='line_1_34' title="bbox 361 4181 1660 4268; baseline 0 -20"><span class='ocrx_word' id='word_1_356' title='bbox 361 4184 489 4268; x_wconf 88' lang='lat' dir='ltr'>leprosi,</span> <span class='ocrx_word' id='word_1_357' title='bbox 519 4184 547 4248; x_wconf 77' lang='lat' dir='ltr'>t.</span> <span class='ocrx_word' id='word_1_358' title='bbox 573 4181 708 4248; x_wconf 88' lang='lat' dir='ltr'>accessit</span> <span class='ocrx_word' id='word_1_359' title='bbox 732 4181 856 4246; x_wconf 82' lang='lat' dir='ltr'>adeum</span> <span class='ocrx_word' id='word_1_360' title='bbox 881 4181 1003 4258; x_wconf 88' lang='lat' dir='ltr'>mulier,</span> <span class='ocrx_word' id='word_1_361' title='bbox 1030 4183 1150 4246; x_wconf 87' lang='lat' dir='ltr'>babens</span> <span class='ocrx_word' id='word_1_362' title='bbox 1173 4181 1367 4249; x_wconf 85' lang='lat' dir='ltr'>alabastrum</span> <span class='ocrx_word' id='word_1_363' title='bbox 1391 4184 1544 4264; x_wconf 78' lang='lat' dir='ltr'>nrrguenti</span> <span class='ocrx_word' id='word_1_364' title='bbox 1569 4202 1660 4264; x_wconf 81' lang='lat' dir='ltr'>prae·</span> 
     </span>
     <span class='ocr_line' id='line_1_35' title="bbox 362 4286 1661 4369; baseline -0.003 -13"><span class='ocrx_word' id='word_1_365' title='bbox 362 4290 438 4356; x_wconf 90' lang='lat' dir='ltr'>tiosi</span> <span class='ocrx_word' id='word_1_366' title='bbox 462 4291 494 4353; x_wconf 90' lang='lat' dir='ltr'>et</span> <span class='ocrx_word' id='word_1_367' title='bbox 517 4286 632 4353; x_wconf 89' lang='lat' dir='ltr'>inludit</span> <span class='ocrx_word' id='word_1_368' title='bbox 655 4304 751 4369; x_wconf 87' lang='lat' dir='ltr'>super</span> <span class='ocrx_word' id='word_1_369' title='bbox 776 4290 873 4368; x_wconf 74' lang='lat' dir='ltr'>capim</span> <span class='ocrx_word' id='word_1_370' title='bbox 895 4288 964 4352; x_wconf 89' lang='lat' dir='ltr'>eins</span> <span class='ocrx_word' id='word_1_371' title='bbox 987 4287 1191 4352; x_wconf 88' lang='lat' dir='ltr'>recumbente</span> <span class='ocrx_word' id='word_1_372' title='bbox 1215 4289 1292 4368; x_wconf 89' lang='lat' dir='ltr'>ipso.</span> <span class='ocrx_word' id='word_1_373' title='bbox 1317 4289 1347 4354; x_wconf 86' lang='grc'><strong>8.</strong></span> <span class='ocrx_word' id='word_1_374' title='bbox 1372 4287 1529 4353; x_wconf 82' lang='lat' dir='ltr'>Uirlentos</span> <span class='ocrx_word' id='word_1_375' title='bbox 1553 4293 1661 4352; x_wconf 86' lang='lat' dir='ltr'>autem</span> 
     </span>
     <span class='ocr_line' id='line_1_36' title="bbox 362 4389 1659 4476; baseline -0.002 -17"><span class='ocrx_word' id='word_1_376' title='bbox 362 4391 511 4476; x_wconf 89' lang='lat' dir='ltr'>discipuli</span> <span class='ocrx_word' id='word_1_377' title='bbox 534 4392 689 4474; x_wconf 77' lang='lat' dir='ltr'>indignati</span> <span class='ocrx_word' id='word_1_378' title='bbox 712 4397 788 4456; x_wconf 91' lang='lat' dir='ltr'>sunt</span> <span class='ocrx_word' id='word_1_379' title='bbox 812 4391 971 4457; x_wconf 89' lang='lat' dir='ltr'>dicentes:</span> <span class='ocrx_word' id='word_1_380' title='bbox 997 4390 1042 4456; x_wconf 93' lang='lat' dir='ltr'>Ut</span> <span class='ocrx_word' id='word_1_381' title='bbox 1064 4391 1140 4472; x_wconf 88' lang='lat' dir='ltr'>quid</span> <span class='ocrx_word' id='word_1_382' title='bbox 1165 4391 1300 4473; x_wconf 88' lang='lat' dir='ltr'>perditio</span> <span class='ocrx_word' id='word_1_383' title='bbox 1325 4391 1403 4456; x_wconf 86' lang='lat' dir='ltr'>haec</span> <span class='ocrx_word' id='word_1_384' title='bbox 1426 4389 1462 4457; x_wconf 89' lang='lat' dir='ltr'>fit</span> <span class='ocrx_word' id='word_1_385' title='bbox 1485 4390 1580 4456; x_wconf 89' lang='lat' dir='ltr'>huius</span> <span class='ocrx_word' id='word_1_386' title='bbox 1604 4411 1659 4456; x_wconf 91' lang='lat' dir='ltr'>un·</span> 
     </span>
     <span class='ocr_line' id='line_1_37' title="bbox 361 4495 1659 4579; baseline -0.001 -16"><span class='ocrx_word' id='word_1_387' title='bbox 361 4498 498 4579; x_wconf 81' lang='lat' dir='ltr'>guenti?</span> <span class='ocrx_word' id='word_1_388' title='bbox 531 4501 561 4562; x_wconf 83' lang='lat' dir='ltr'>b.</span> <span class='ocrx_word' id='word_1_389' title='bbox 587 4499 692 4579; x_wconf 89' lang='lat' dir='ltr'>potuit</span> <span class='ocrx_word' id='word_1_390' title='bbox 721 4498 804 4564; x_wconf 88' lang='lat' dir='ltr'>enim</span> <span class='ocrx_word' id='word_1_391' title='bbox 835 4496 915 4562; x_wconf 89' lang='lat' dir='ltr'>istut</span> <span class='ocrx_word' id='word_1_392' title='bbox 945 4497 1122 4561; x_wconf 84' lang='lat' dir='ltr'>uenundari</span> <span class='ocrx_word' id='word_1_393' title='bbox 1154 4498 1277 4578; x_wconf 71' lang='lat' dir='ltr'>piractio</span> <span class='ocrx_word' id='word_1_394' title='bbox 1308 4502 1341 4562; x_wconf 93' lang='lat' dir='ltr'>et</span> <span class='ocrx_word' id='word_1_395' title='bbox 1364 4497 1433 4561; x_wconf 88' lang='lat' dir='ltr'>dari</span> <span class='ocrx_word' id='word_1_396' title='bbox 1457 4495 1659 4578; x_wconf 88' lang='lat' dir='ltr'>pauperibus.</span> 
     </span>
     <span class='ocr_line' id='line_1_38' title="bbox 366 4600 1661 4684; baseline -0.003 -16"><span class='ocrx_word' id='word_1_397' title='bbox 366 4607 412 4669; x_wconf 86' lang='lat' dir='ltr'>ld.</span> <span class='ocrx_word' id='word_1_398' title='bbox 438 4601 528 4680; x_wconf 84' lang='lat' dir='ltr'>Quod</span> <span class='ocrx_word' id='word_1_399' title='bbox 553 4606 588 4668; x_wconf 92' lang='lat' dir='ltr'>ut</span> <span class='ocrx_word' id='word_1_400' title='bbox 610 4603 760 4684; x_wconf 80' lang='lat' dir='ltr'>cognouit</span> <span class='ocrx_word' id='word_1_401' title='bbox 784 4601 880 4667; x_wconf 81' lang='lat' dir='ltr'>iesus</span> <span class='ocrx_word' id='word_1_402' title='bbox 905 4602 950 4665; x_wconf 93' lang='lat' dir='ltr'>ait</span> <span class='ocrx_word' id='word_1_403' title='bbox 965 4600 1046 4665; x_wconf 91' lang='lat' dir='ltr'>illis:</span> <span class='ocrx_word' id='word_1_404' title='bbox 1072 4601 1154 4678; x_wconf 81' lang='lat' dir='ltr'>Quid</span> <span class='ocrx_word' id='word_1_405' title='bbox 1172 4602 1295 4667; x_wconf 92' lang='lat' dir='ltr'>molesti</span> <span class='ocrx_word' id='word_1_406' title='bbox 1313 4602 1391 4668; x_wconf 89' lang='lat' dir='ltr'>estis</span> <span class='ocrx_word' id='word_1_407' title='bbox 1416 4603 1489 4667; x_wconf 91' lang='lat' dir='ltr'>huic</span> <span class='ocrx_word' id='word_1_408' title='bbox 1508 4601 1661 4666; x_wconf 82' lang='lat' dir='ltr'>rrrulieri?</span> 
     </span>
     <span class='ocr_line' id='line_1_39' title="bbox 364 4705 1661 4790; baseline -0.002 -17"><span class='ocrx_word' id='word_1_409' title='bbox 364 4705 453 4788; x_wconf 88' lang='lat' dir='ltr'>Opus</span> <span class='ocrx_word' id='word_1_410' title='bbox 478 4708 562 4772; x_wconf 91' lang='lat' dir='ltr'>enim</span> <span class='ocrx_word' id='word_1_411' title='bbox 585 4708 702 4774; x_wconf 88' lang='lat' dir='ltr'>bonum</span> <span class='ocrx_word' id='word_1_412' title='bbox 719 4713 848 4790; x_wconf 86' lang='lat' dir='ltr'>operatu</span> <span class='ocrx_word' id='word_1_413' title='bbox 873 4711 924 4772; x_wconf 90' lang='lat' dir='ltr'>est</span> <span class='ocrx_word' id='word_1_414' title='bbox 948 4708 979 4771; x_wconf 92' lang='lat' dir='ltr'>in</span> <span class='ocrx_word' id='word_1_415' title='bbox 996 4725 1053 4771; x_wconf 90' lang='lat' dir='ltr'>me.</span> <span class='ocrx_word' id='word_1_416' title='bbox 1080 4709 1128 4772; x_wconf 91' lang='lat' dir='ltr'>ll.</span> <span class='ocrx_word' id='word_1_417' title='bbox 1154 4707 1234 4772; x_wconf 87' lang='lat' dir='ltr'>Nam</span> <span class='ocrx_word' id='word_1_418' title='bbox 1250 4727 1376 4788; x_wconf 88' lang='lat' dir='ltr'>semper</span> <span class='ocrx_word' id='word_1_419' title='bbox 1393 4725 1548 4789; x_wconf 85' lang='lat' dir='ltr'>pauperes</span> <span class='ocrx_word' id='word_1_420' title='bbox 1564 4707 1661 4771; x_wconf 87' lang='lat' dir='ltr'>habe-</span> 
     </span>
     <span class='ocr_line' id='line_1_40' title="bbox 364 4809 1661 4895; baseline 0.002 -20"><span class='ocrx_word' id='word_1_421' title='bbox 364 4812 437 4877; x_wconf 88' lang='lat' dir='ltr'>bitis</span> <span class='ocrx_word' id='word_1_422' title='bbox 461 4809 639 4895; x_wconf 91' lang='lat' dir='ltr'>uohiscum,</span> <span class='ocrx_word' id='word_1_423' title='bbox 678 4830 725 4877; x_wconf 89' lang='lat' dir='ltr'>me</span> <span class='ocrx_word' id='word_1_424' title='bbox 751 4816 858 4876; x_wconf 89' lang='lat' dir='ltr'>antem</span> <span class='ocrx_word' id='word_1_425' title='bbox 889 4829 952 4876; x_wconf 93' lang='lat' dir='ltr'>non</span> <span class='ocrx_word' id='word_1_426' title='bbox 984 4829 1110 4894; x_wconf 91' lang='lat' dir='ltr'>semper</span> <span class='ocrx_word' id='word_1_427' title='bbox 1141 4810 1308 4878; x_wconf 90' lang='lat' dir='ltr'>hahebitis.</span> <span class='ocrx_word' id='word_1_428' title='bbox 1349 4813 1395 4878; x_wconf 77' lang='lat'>12.</span> <span class='ocrx_word' id='word_1_429' title='bbox 1421 4811 1553 4876; x_wconf 87' lang='lat' dir='ltr'>Mittens</span> <span class='ocrx_word' id='word_1_430' title='bbox 1576 4812 1661 4877; x_wconf 90' lang='lat' dir='ltr'>enim</span> 
     </span>
    </p>
   </div>
   <div class='ocr_carea' id='block_1_4' title="bbox 0 0 1828 5775">
    <p class='ocr_par' dir='ltr' id='par_1_4' title="bbox 0 0 1828 5775">
     <span class='ocr_line' id='line_1_41' title="bbox 0 0 1828 5775; baseline 0 0"><span class='ocrx_word' id='word_1_431' title='bbox 0 0 1828 5775; x_wconf 95' lang='lat' dir='ltr'> </span> 
     </span>
    </p>
   </div>
  </div>
 </body>
</html>
