3625 5775
347 535 408 597 llo
733 528 915 599 Euangeliuar
936 527 1086 588 secuudum
1108 529 1257 584 Lucanum.
1554 533 1583 588 c,
1606 541 1646 588 18.

341 759 403 822 me,
426 747 460 808 et
480 741 581 808 nolite
603 761 658 809 eos
682 750 809 821 uetare;
834 742 946 810 talium
969 748 1019 810 est
1041 743 1125 808 enim
1139 761 1269 824 reguum
1283 743 1453 809 caelorum.
1481 747 1530 810 11.
1544 746 1647 812 Amen

344 848 416 912 dico
439 845 548 914 uobis:
578 850 771 930 quicumque
792 867 855 913 non
880 851 1042 930 acceperit
1065 866 1197 931 regnum
1221 848 1271 914 dei
1294 849 1379 914 sieut
1401 868 1490 932 puer,
1514 869 1576 916 uon
1601 851 1646 916 in-

341 953 442 1018 trauit
464 953 496 1018 in
519 953 598 1018 illut.
640 955 686 1020 18.
711 954 929 1036 Interrogauit
952 961 1060 1020 autern
1085 971 1157 1018 eum
1180 953 1308 1036 quidam
1333 954 1457 1021 dicens:
1493 957 1647 1037 magister

341 1057 433 1136 boue,
467 1057 544 1139 quid
570 1057 716 1124 iaciendo
747 1059 847 1124 uitam
870 1064 1033 1124 aeteruum
1057 1057 1251 1142 possidebo?
1301 1061 1350 1124 19.
1375 1059 1464 1124 Dixit
1485 1065 1591 1125 auteur
1614 1061 1645 1124 ei

341 1160 453 1228 iesus:
478 1213 485 1228 .
510 1211 517 1227 .
543 1215 550 1228 .
574 1164 657 1229 dicis
686 1164 813 1240 bouum,
846 1183 938 1230 nemo
969 1165 1072 1230 bonus
1095 1163 1156 1228 nisi
1181 1183 1272 1240 unus,
1296 1165 1385 1230 dous.
1414 1167 1466 1231 20.
1493 1164 1645 1231 Mandata

343 1268 443 1332 nosti:
476 1268 545 1332 Nou
568 1269 705 1352 occides,
730 1287 792 1335 non
815 1267 1009 1335 adulterium
1033 1268 1196 1346 admittes,
1220 1287 1281 1334 nou
1305 1269 1424 1334 lurtum
1447 1267 1556 1346 iacies,
1582 1289 1644 1334 non

341 1369 455 1435 falsum
479 1373 695 1438 testimouium
719 1372 824 1450 dioes;
856 1373 977 1438 bonore
1000 1379 1124 1455 patrem
1146 1378 1235 1437 tuum
1259 1378 1292 1439 et
1315 1379 1447 1438 matrem
1471 1379 1566 1438 tnam.
1589 1375 1643 1441 21.

346 1477 398 1540 tit
420 1475 489 1542 ille:
524 1477 616 1542 Hace
646 1477 754 1543 omnia
783 1478 944 1544 custodial
977 1495 997 1542 a
1026 1477 1195 1544 iuuentute
1221 1497 1300 1544 mea.
1346 1479 1398 1543 22.
1430 1478 1499 1556 Quo
1523 1478 1643 1559 audito,

341 1579 439 1646 Jeaus
462 1581 520 1647 ait:
559 1581 671 1647 Adbuc
695 1601 790 1647 unum
814 1583 873 1647 tibi
897 1583 1004 1650 deest:
1041 1601 1258 1666 quaecumque
1281 1583 1391 1658 haber,
1419 1582 1523 1648 uende
1546 1589 1580 1650 et
1603 1585 1644 1648 da

342 1685 546 1768 pauperibus,
570 1687 750 1754 ethabebis
772 1687 979 1753 thensaurum
1004 1686 1035 1751 in
1059 1687 1160 1764 caelo,
1194 1693 1228 1752 et
1251 1687 1323 1752 ueni
1347 1705 1481 1769 sequere
1504 1707 1565 1752 me.
1590 1689 1642 1752 23.

341 1790 401 1856 His
424 1791 478 1857 ille
501 1792 621 1858 auditis
663 1793 871 1858 contristatus
894 1798 954 1872 est,
990 1795 1065 1874 quia
1089 1793 1178 1857 diues
1201 1798 1272 1856 erat
1294 1791 1398 1856 ualde.
1444 1793 1494 1856 24.
1521 1791 1643 1857 Uideus

339 1901 444 1963 1111111111
466 1896 557 1962 11111111
578 1897 704 1963 tristem
727 1897 857 1977 lactum,
881 1899 963 1964 dixit
982 1895 1096 1964 lesus:
1121 1897 1222 1974 Quam
1246 1895 1386 1978 difficile,
1411 1896 1463 1978 qui
1492 1897 1642 1977 pecunias

340 2002 470 2081 babent,
494 2005 526 2068 in
549 2021 680 2086 regnum
704 2003 757 2068 dei
779 2004 956 2070 intrabunt.
993 2005 1044 2069 25.
1069 2002 1208 2067 Facilius
1236 2007 1286 2067 est
1309 2001 1476 2066 camellum
1498 2001 1642 2066 toramen

340 2127 418 2175 acus
450 2110 597 2189 transire,
620 2127 717 2191 quarn
747 2106 881 2174 diuitem
912 2110 1033 2174 intrare
1062 2106 1093 2172 in
1119 2125 1217 2190 regno
1242 2106 1303 2173 dei.
1340 2107 1389 2172 26.
1415 2106 1458 2172 Et
1480 2105 1640 2191 dixerunt,

340 2215 394 2296 qui
417 2215 606 2280 audiebant:
637 2213 763 2296 etquis
787 2218 894 2296 potest
924 2213 1033 2278 saluus
1055 2210 1149 2277 fieri?
1180 2213 1231 2278 21.
1256 2211 1311 2277 Ait
1334 2211 1398 2276 illis
1414 2209 1527 2276 lesus:
1552 2209 1641 2288 Quae

340 2318 553 2401 impossibilia
575 2325 651 2386 sunt
672 2324 750 2400 aput
772 2318 927 2396 homines,
951 2317 1030 2382 baec
1053 2316 1158 2382 omnia
1173 2317 1426 2400 possibiliasuat
1445 2317 1639 2400 oputdeum.

340 2424 390 2488 28.
415 2425 468 2488 nit
490 2428 599 2490 autem
623 2425 754 2490 Petrus:
777 2423 862 2489 Eece
891 2440 950 2488 uos
973 2422 1094 2488 relictis
1117 2421 1240 2488 retibus
1263 2421 1381 2487 nostris
1404 2422 1506 2488 secuti
1529 2439 1640 2486 sumus

340 2535 382 2592 te.
406 2531 457 2596 29.
483 2529 605 2608 Quibus
628 2531 697 2610 ipse
720 2528 818 2598 dixit:
852 2528 964 2606 durren,
989 2527 1060 2592 dieo
1084 2528 1191 2592 uobis:
1216 2545 1307 2593 namo
1330 2533 1390 2605 est,
1425 2526 1478 2608 qui
1503 2525 1638 2608 reliquid

338 2632 466 2698 domum
496 2640 551 2700 aut
585 2639 745 2715 parentes,
780 2638 837 2698 aut
870 2633 998 2711 iratres,
1032 2637 1089 2698 aut
1112 2649 1264 2712 sororem,
1302 2638 1356 2700 aut
1390 2631 1474 2697 filios
1508 2637 1641 2715 propter

338 2755 469 2821 reguum
492 2739 554 2822 dei,
585 2739 638 2804 30.
660 2738 722 2803 nisi
754 2742 791 2803 ut
811 2738 948 2818 recipiat
981 2738 1101 2820 septies
1131 2741 1258 2804 tuntum
1290 2739 1377 2802 etin
1408 2737 1467 2802 boc
1498 2742 1640 2820 tempora

338 2847 372 2909 et
402 2844 433 2909 in
474 2844 600 2911 saeculo
636 2850 772 2911 uenturo
807 2844 906 2909 uitam
937 2849 1102 2911 aeternam
1146 2844 1330 2926 possidebit.
1365 2845 1417 2908 31.
1452 2843 1640 2925 Adsumpsit

335 2954 443 3013 autem
474 2950 534 3015 llll
564 2950 740 3032 discipulos
770 2955 903 3015 suaset
937 2952 983 3016 ait
1012 2951 1053 3015 ad
1076 2949 1149 3017 illos
1174 3002 1180 3015 .
1201 3003 1207 3016 .
1225 2968 1250 3013 .:
1283 2948 1485 3016 ascendimus
1518 2947 1634 3014 Hiero·

338 3052 462 3135 solyma
505 3059 538 3119 et
574 3056 878 3122 consummabuntur
915 3056 1028 3135 omnia,
1073 3072 1154 3137 quae
1193 3052 1313 3136 scripta
1349 3057 1424 3119 suut
1468 3070 1525 3134 per
1562 3072 1634 3135 pro·

338 3156 454 3241 phetas
485 3159 525 3224 de
555 3158 621 3226 lilio
654 3160 802 3227 bominis.
833 3163 886 3227 32.
923 3161 1082 3225 Tradetur
1121 3161 1204 3223 enim
1235 3158 1383 3241 gentibus
1413 3163 1447 3222 et
1476 3156 1639 3225 inludetur

337 3272 371 3329 et
393 3263 561 3347 inspuetur
592 3268 643 3332 33.
668 3271 701 3331 et
722 3262 916 3349 flagellatum
941 3267 1087 3333 occident
1111 3265 1198 3331 illum
1228 3271 1262 3330 et
1283 3266 1379 3331 tortia
1403 3263 1455 3328 die
1477 3272 1636 3344 resurget.

337 3370 390 3435 34.
414 3370 456 3435 Et
479 3371 539 3453 ipsi
571 3370 651 3435 nibil
680 3370 790 3437 borum
823 3372 1059 3453 intellexerunt,
1090 3371 1147 3436 sed
1177 3374 1247 3435 erat
1277 3368 1410 3435 uerbum
1441 3368 1635 3433 absconsum

338 3473 379 3539 ab
401 3474 466 3552 eis;
491 3480 524 3540 et
546 3494 608 3540 non
632 3475 869 3553 intellexerunt,
900 3477 987 3559 quod
1010 3476 1177 3541 dicebatur
1198 3474 1238 3540 ab
1262 3494 1309 3539 eo.
1355 3474 1406 3541 35.
1432 3472 1563 3539 Factum
1588 3480 1638 3539 est

340 3583 553 3657 autemeam
585 3579 856 3662 adpropinquaret
881 3580 1041 3663 Hiericho,
1066 3599 1180 3646 caccus
1219 3580 1346 3661 quidam
1378 3577 1510 3643 sedebat
1541 3597 1636 3645 secus

337 3684 419 3748 uiam
443 3685 616 3751 mendicus.
648 3688 698 3753 36.
731 3686 774 3751 Ε1
804 3705 874 3750 curu
899 3686 1026 3753 audiret
1053 3686 1179 3751 turbam
1204 3687 1470 3767 praetereuntem,
1495 3685 1634 3751 interro-

337 3787 441 3870 gabat,
465 3790 541 3870 quid
564 3790 625 3856 boe
648 3796 743 3858 esset.
766 3793 817 3856 31.
844 3790 1002 3857 Direruut
1025 3795 1131 3855 autem
1156 3789 1212 3867 illi,
1236 3786 1321 3869 quod
1343 3786 1438 3853 Jesus
1470 3788 1635 3856 Naroreus

339 3893 462 3959 transit.
494 3896 546 3962 38.
570 3895 614 3961 Et
636 3896 787 3963 clamauit
810 3896 935 3960 dicens:
967 3894 1056 3977 lesu,
1079 3892 1124 3959 fili
1151 3892 1267 3967 Dauid,
1291 3893 1440 3958 miserere
1471 3896 1557 3959 1111111.
1580 3898 1637 3962 40.

337 3997 431 4063 Stans
454 4006 560 4063 autem
577 3999 674 4065 Jesus
697 4000 792 4065 iussit
820 3999 908 4067 illum
932 4000 1046 4065 adduci
1064 3999 1104 4065 ad
1121 4019 1164 4067 se.
1187 3997 1232 4063 Et
1247 4016 1317 4063 com
1332 3997 1635 4085 adpropinquasset,

338 4102 550 4186 interrogauit
581 4104 670 4169 illum
701 4104 824 4170 diceus:
859 4105 911 4171 41.
937 4103 1019 4182 erid
1044 4103 1102 4169 tibi
1127 4104 1177 4169 uis
1207 4102 1351 4168 faciam?
1386 4102 1436 4167 Ad
1459 4102 1515 4168 ille
1538 4104 1635 4171 dixit:

337 4206 383 4271 Ut
405 4208 544 4289 uideam,
567 4209 702 4274 domine.
726 4210 778 4275 42.
802 4208 1053 4291 Etrespondens
1077 4208 1157 4274 dirit
1179 4208 1226 4274 illi
1250 4206 1362 4275 Jesus:
1388 4207 1534 4291 Respice,
1557 4208 1637 4277 fides

336 4316 393 4375 tua
413 4316 447 4375 te
462 4312 587 4377 saluum
610 4312 695 4378 fecit.
719 4315 772 4379 43.
790 4312 833 4379 Et
855 4313 1023 4378 oonlestim
1047 4313 1130 4377 uidit
1146 4318 1178 4379 et
1194 4314 1386 4395 sequebatur
1409 4313 1498 4378 illurn
1515 4318 1634 4395 magni-

337 4414 435 4483 ficans
457 4418 561 4484 deum.
587 4417 630 4483 Et
652 4419 754 4483 amuis
777 4418 868 4499 plebe
890 4423 927 4484 ut
949 4420 1041 4502 uidit,
1066 4420 1155 4485 dedit
1176 4418 1303 4485 laudem
1328 4419 1396 4485 deo.

439 4626 540 4694 xlx.
568 4631 594 4695 1.
626 4628 670 4693 Et
694 4630 852 4709 ingressus
876 4628 1119 4709 perambulabat
1149 4628 1313 4695 Hiericho.
1345 4630 1372 4693 2.
1405 4630 1448 4693 Et
1477 4646 1552 4694 ecoe
1583 4632 1635 4696 uir

334 4733 462 4799 nomine
486 4732 666 4809 Zaoeheus;
697 4740 729 4797 et
753 4733 803 4798 lrio
835 4740 904 4799 erat
939 4733 1085 4816 princeps
1108 4733 1350 4815 publicanorum
1373 4740 1407 4799 et
1430 4735 1499 4817 ipse
1522 4736 1632 4815 diues3

335 4838 366 4902 3.
389 4840 423 4901 et
436 4838 610 4919 quaerebat
634 4838 744 4904 uidere
769 4837 891 4917 lesum,
915 4839 987 4921 quis
1010 4846 1112 4919 esset3
1137 4844 1169 4905 et
1194 4858 1254 4904 oon
1279 4844 1404 4922 poterat
1425 4858 1502 4923 prae
1528 4840 1631 4925 turba,
