3625 5775
306 539 349 603 44
706 534 887 605 Euangelinm
906 534 1055 591 cecrrndnm
1075 534 1239 591 Jobonnens.
1535 532 1564 593 0.
1587 542 1620 591 1.

307 768 390 832 eum,
415 748 563 812 dixerunt
585 750 631 812 ei:
661 750 710 813 25.
736 747 811 830 qnid
836 766 912 828 ergo
936 747 1197 829 baptizandus
1222 764 1283 811 non
1308 764 1342 813 es
1367 743 1526 825 cbristus,
1549 765 1618 813 nec

307 852 428 933 Heliae,
464 872 565 936 nequo
591 852 768 937 propbeta?
814 852 864 917 26.
899 852 1075 935 Respondit
1109 852 1155 916 eis
1190 850 1353 917 Jobaunes
1385 850 1512 919 dicens:
1548 870 1616 935 ego

306 959 434 1040 quidem
469 958 595 1039 baptizo
626 976 683 1023 uos
716 958 883 1039 inaquam
918 958 1151 1039 poenitentiae;
1185 956 1309 1022 medius
1336 961 1442 1021 nutem
1465 962 1613 1023 uestrum

306 1070 382 1143 stat,
406 1082 498 1146 quem
522 1082 579 1128 uos
604 1064 767 1145 ignoratis.
804 1064 854 1129 27.
878 1063 952 1144 Ipse
975 1068 1035 1141 est,
1059 1062 1113 1145 qui
1138 1068 1211 1144 post
1233 1081 1284 1127 me
1306 1060 1407 1141 uenit,
1432 1064 1524 1128 cuius
1546 1082 1611 1145 ego

308 1188 369 1233 non
383 1186 451 1232 sum
466 1169 580 1250 dignus
593 1167 719 1233 soluere
743 1168 910 1251 corrigiam
924 1167 1121 1233 calciamenti
1146 1168 1226 1233 eius.
1249 1169 1300 1232 28.
1318 1167 1406 1233 Haec
1428 1166 1611 1233 factasunt

310 1275 340 1337 in
375 1272 531 1337 Ballionia
550 1278 639 1337 trans
664 1270 838 1352 Jordauen,
862 1271 915 1335 ubl
933 1276 1002 1336 erat
1017 1270 1181 1337 Johannes
1195 1272 1374 1355 baptizans.
1399 1274 1452 1337 29.
1479 1272 1611 1339 Postera

310 1383 414 1443 nutem
432 1378 484 1441 die
497 1377 579 1443 uidit
603 1376 765 1443 lebannes
779 1376 890 1442 desum
903 1379 1085 1443 uenientem
1103 1378 1142 1442 ad
1159 1396 1194 1444 se
1207 1385 1239 1443 et
1250 1378 1314 1444 nit:
1337 1376 1422 1443 Ecce
1433 1396 1533 1460 agnus
1545 1378 1607 1457 dei,

310 1483 461 1564 eccequi
486 1481 570 1547 tollit
593 1486 756 1565 peccatum
789 1481 908 1546 mundi.
955 1482 1006 1547 30.
1032 1481 1091 1547 Hic
1114 1487 1165 1548 εει
1195 1482 1236 1548 do
1258 1501 1321 1565 qino
1344 1502 1403 1565 ego
1425 1481 1511 1547 dini:
1536 1487 1610 1565 post

311 1606 360 1652 ure
386 1587 554 1663 aedituis,
579 1586 631 1668 qui
656 1593 731 1652 ante
755 1605 804 1651 rue
828 1586 932 1651 faselus
956 1594 1015 1666 cst,
1038 1589 1188 1669 quoniam
1211 1596 1286 1653 autc
1310 1607 1358 1651 aue
1381 1594 1458 1653 erat.
1491 1588 1542 1652 31.
1566 1587 1609 1651 Et

313 1710 370 1773 ego
395 1690 577 1773 ignorabam
602 1708 683 1775 eom,
707 1690 761 1757 sed
788 1696 823 1755 ut
839 1690 1099 1757 manifestaretur
1120 1691 1287 1771 Istralreli3
1311 1697 1445 1774 propter
1467 1692 1527 1757 boe
1549 1710 1607 1772 ego

310 1797 383 1861 noui
417 1796 448 1860 in
486 1814 567 1877 aqua
606 1794 783 1878 baptizans.
829 1796 880 1861 32.
916 1796 960 1860 Ει
989 1794 1179 1863 testificatus
1209 1802 1258 1861 est
1290 1795 1454 1862 Jobanucs
1484 1797 1606 1861 dicens:

309 1903 456 1983 qnoniam
481 1901 547 1966 aridi
563 1900 719 1983 spiritum,
743 1900 825 1965 sicul
848 1900 1023 1965 columbam
1048 1902 1293 1967 descendentem
1317 1899 1357 1966 de
1379 1901 1467 1966 cneio
1490 1906 1524 1965 ει
1544 1918 1607 1964 rna·

309 2010 436 2070 nantem
460 2023 557 2086 super·
580 2023 662 2069 oum.
687 2008 737 2071 33.
763 2005 806 2069 ut
829 2023 887 2087 ego
912 2004 1099 2086 ignorabam
1122 2025 1204 2089 eum,
1228 2008 1285 2070 sed
1301 2006 1353 2090 qari
1371 2005 1519 2071 ruisitme
1533 2006 1609 2087 bap·

310 2112 411 2175 linare
435 2111 467 2175 in
492 2127 585 2191 aqara,
609 2110 677 2192 ipse
701 2108 775 2173 nrihi
802 2110 899 2173 dixit:
925 2112 1031 2193 Super·
1053 2129 1145 2192 quem
1170 2110 1291 2175 uideris
1318 2111 1466 2191 spiritum
1491 2111 1607 2173 ‹lomini

311 2215 558 2279 descendentem
582 2218 615 2278 et
639 2220 815 2279 manentem
850 2215 880 2278 in
906 2233 989 2292 enan,
1022 2216 1091 2296 ipse
1114 2220 1174 2293 est,
1199 2217 1253 2295 uari
1276 2215 1417 2296 baptizat
1439 2215 1471 2277 in
1494 2214 1608 2295 spiritu

310 2324 431 2385 sancto.
478 2320 528 2383 34.
553 2319 596 2385 Et
626 2338 685 2400 ego
710 2318 785 2397 uidi,
819 2323 852 2382 ει
875 2318 1091 2384 testimouium
1115 2317 1271 2401 perhibui,
1296 2320 1445 2399 qrrnniam
1468 2319 1537 2399 ipse
1560 2322 1612 2383 est

311 2424 361 2487 dei
386 2420 473 2489 filius
495 2426 628 2490 electus.
673 2426 725 2491 33.
752 2417 883 2488 Postera
906 2432 1014 2489 autem
1039 2424 1091 2488 die
1117 2425 1231 2489 iterum
1265 2424 1369 2487 stabat
1392 2423 1553 2488 dolaannes
1577 2429 1610 2488 ct

311 2529 371 2593 duo
408 2528 554 2610 discipuli
591 2530 669 2593 eius,
716 2531 766 2595 36.
792 2528 836 2593 Et
870 2530 996 2593 briareus
1018 2528 1128 2593 desum
1159 2528 1374 2593 ambulantem
1398 2529 1495 2593 dixit:
1528 2528 1611 2591 Ecce

309 2652 409 2711 annus
433 2633 493 2699 dei.
533 2636 583 2699 37.
608 2634 786 2697 Audieram
811 2636 917 2697 auteur
941 2633 1004 2697 diro
1030 2634 1183 2715 discipuli
1211 2635 1280 2699 eius
1302 2631 1483 2713 loqarentom
1506 2638 1540 2697 ει
1561 2652 1610 2698 se·

310 2742 373 2805 cuti
397 2746 471 2805 sunt
495 2739 616 2804 desum.
651 2741 700 2805 33.
729 2740 913 2803 Conuersus
937 2747 1044 2803 autem
1068 2738 1173 2817 Jesus,
1198 2740 1279 2804 nialit
1303 2756 1358 2801 eos
1381 2744 1553 2819 sequentes
1576 2756 1611 2803 se

310 2850 341 2913 et
375 2844 457 2912 dixit
491 2846 552 2910 eis:
590 2846 667 2928 quid
701 2846 879 2928 quaeritis?
926 2846 986 2923 Qui
1010 2846 1158 2911 dixerunt
1179 2843 1224 2910 ei:
1250 2843 1349 2909 Rabbi
1381 2840 1480 2927 (quod
1513 2844 1611 2907 iuter·

314 2957 477 3032 praelator
493 2951 669 3033 magister),
695 2951 746 3014 rabi
769 2952 902 3018 manes?
925 2954 976 3017 39.
1001 2953 1056 3017 ,tit
1072 2952 1152 3016 illis:
1179 2951 1286 3015 uenite
1309 2954 1343 3014 et
1366 2949 1482 3014 uidete.
1507 2948 1611 3014 Uene-

311 3065 385 3123 ruut
407 3062 512 3121 autem
526 3060 559 3121 et
583 3057 741 3135 uiderunt
756 3057 809 3120 ubi
834 3063 985 3140 muneret,
1003 3064 1036 3123 ει
1052 3057 1135 3140 apud
1159 3076 1229 3121 euru
1254 3059 1440 3120 saraarrserunt
1463 3053 1520 3118 illa
1542 3054 1610 3129 die:

313 3167 382 3226 erat
416 3163 499 3226 enim
535 3159 613 3224 bora
637 3162 765 3226 circiter·
797 3163 928 3226 ‹lacirua
976 3163 1028 3228 40.
1059 3163 1139 3227 Erat
1162 3162 1317 3238 Andreas,
1351 3159 1453 3224 irater
1474 3156 1613 3226 Simonis

317 3267 411 3348 Petri,
435 3285 517 3330 nnus
540 3283 579 3329 ex
602 3265 725 3330 duobus
749 3267 802 3347 qui
825 3267 996 3331 audierunt
1019 3267 1058 3330 ab
1081 3265 1229 3331 Jobanac
1249 3272 1283 3330 et
1305 3266 1407 3329 secuti
1432 3270 1508 3330 sunt
1529 3282 1611 3330 eum.

312 3373 363 3436 41.
398 3371 528 3436 quenit
561 3375 666 3435 autem
701 3390 792 3435 ιιιιιιιε
826 3369 957 3436 fratrem
983 3371 1141 3436 Simonem
1165 3375 1198 3436 et
1222 3370 1302 3434 dixit
1331 3368 1394 3434 illi:
1427 3371 1613 3434 Inuenirnus

315 3476 473 3560 bloss'iam,
510 3476 593 3558 quod
627 3480 676 3539 est
700 3477 964 3558 interpraetatum
989 3475 1145 3542 Christus.
1190 3479 1243 3543 42.
1270 3475 1410 3540 Adduxit
1442 3493 1517 3556 ergo
1539 3492 1612 3539 eum

314 3581 352 3644 ad
377 3581 500 3646 desum.
537 3581 668 3646 Intueus
699 3585 804 3646 autern
828 3600 897 3646 euru
927 3581 1023 3647 Jesus
1047 3582 1142 3647 ‹liritz
1181 3582 1228 3646 Τιι
1251 3599 1287 3646 es
1311 3581 1429 3656 Simon,
1452 3577 1536 3644 filins
1557 3578 1612 3644 Jo-

314 3686 447 3766 banais3
489 3689 523 3750 tn
548 3688 673 3751 uocatis
698 3685 833 3768 Cepbas,
858 3688 942 3768 quud
965 3687 1215 3769 interpraetatur
1239 3687 1360 3751 Petrus.
1406 3687 1459 3754 43.
1481 3685 1614 3751 Postera

314 3795 419 3855 aratam
457 3791 509 3854 die
543 3791 644 3856 noluit
674 3789 830 3870 proficisci
864 3793 895 3856 iu
928 3791 1115 3870 Galilaeam,
1148 3797 1180 3857 et
1211 3792 1333 3856 inuenit
1355 3790 1552 3873 Plrilippum3
1580 3800 1615 3854 et

315 3897 392 3961 dicit
415 3896 462 3960 illl
485 3894 598 3962 Jesus:
624 3895 763 3976 Sequere
788 3916 846 3961 auc.
871 3898 924 3962 44.
950 3898 1027 3962 Erat
1049 3904 1154 3961 autem
1180 3897 1326 3978 Filippus
1346 3895 1550 3972 aBedsaido,
1574 3913 1613 3959 ex

315 4001 445 4067 ciuitate
472 4001 614 4066 Andreae
639 4007 670 4065 et
694 4000 791 4064 Petri.
837 4003 889 4068 45.
913 4002 1043 4067 Inueuit
1065 4006 1169 4066 autem
1202 4001 1348 4083 Filippus
1379 3999 1557 4065 Natanabel
1582 4005 1616 4063 ct

315 4107 392 4172 dicit
426 4107 491 4171 illi:
528 4125 620 4188 quem
657 4105 786 4172 scribsit
819 4105 947 4191 Moyses
979 4108 1010 4171 in
1044 4106 1114 4188 lege
1144 4114 1177 4172 et
1207 4109 1391 4190 prophetae,
1420 4106 1613 4185 inuenimus,

315 4211 427 4277 desum
452 4210 549 4277 filium
574 4211 696 4293 dosepb
720 4231 738 4276 a
762 4211 933 4277 Nazareth.
957 4213 1009 4275 ab.
1034 4211 1124 4275 Dixit
1145 4212 1191 4276 illi
1217 4211 1387 4276 Natanael:
1411 4230 1431 4274 a
1453 4210 1613 4275 Nazareth

314 4321 423 4399 potest
445 4317 564 4397 aliquid
590 4317 665 4381 boni
690 4317 785 4382 esse?
810 4319 862 4380 Art
886 4318 932 4381 illi
957 4316 1119 4398 Filippus:
1144 4318 1215 4382 ueni
1241 4323 1273 4382 ct
1297 4317 1379 4380 uide.
1414 4316 1468 4380 47.
1494 4312 1616 4380 Uidens

315 4421 530 4486 antemdesus
552 4419 707 4486 Natanacl
732 4423 914 4486 uenientem
939 4422 979 4484 ad
1004 4440 1049 4500 se,
1073 4421 1153 4486 dixit
1176 4422 1216 4487 de
1240 4441 1296 4486 eo:
1321 4421 1405 4486 Ecce
1423 4437 1498 4483 uere
1516 4420 1614 4484 Istra-

315 4526 423 4602 bclita,
449 4527 478 4591 in
504 4544 566 4607 quo
592 4526 684 4592 (lalus
706 4546 769 4592 non
793 4531 852 4592 est.
886 4527 938 4593 48.
964 4525 1019 4590 Ait
1042 4526 1089 4590 illi
1113 4527 1286 4592 Natanael:
1311 4525 1405 4591 Unde
1429 4544 1478 4589 nnc
1501 4525 1616 4589 nosti?

313 4629 492 4712 Respondit
511 4629 605 4696 iesus
629 4637 662 4696 et
685 4632 765 4698 dixit
788 4631 834 4698 ei:
861 4632 1040 4712 Antequam
1057 4635 1089 4694 ιε
1105 4630 1252 4714 Filippus
1268 4643 1406 4708 uocaret,
1438 4648 1507 4694 cum
1526 4649 1616 4695 esses

317 4736 375 4800 sula
391 4735 505 4801 arbore
529 4733 673 4818 ficarlnea,
698 4736 771 4802 noni
790 4741 832 4802 ιε.
858 4737 907 4800 49.
933 4736 1109 4817 Respondit
1132 4737 1161 4801 ei
1185 4734 1356 4802 Natanael:
1384 4735 1496 4811 Rabbi,
1521 4740 1555 4798 ιιι
1580 4755 1615 4800 es

319 4841 402 4908 lilius
426 4841 487 4924 dei,
511 4845 545 4906 tu
564 4861 598 4910 es
616 4841 831 4910 rosIstrabel.
854 4842 905 4908 50.
931 4841 1108 4924 Respondit
1130 4841 1228 4909 desua
1251 4847 1284 4908 ει
1300 4839 1381 4906 dixit
1396 4840 1442 4906 ei:
1468 4840 1616 4922 qnoniam
