3625 5775
205 532 235 587 C.
257 537 297 586 18.
582 529 764 601 Errangelium
783 530 934 587 secundum
957 532 1123 590 iohannem.
1468 538 1505 605 71

208 744 276 810 dixi
310 744 412 823 uobis,
441 746 516 826 quia
551 764 608 827 ego
648 762 736 825 snm3
769 746 795 809 si
828 763 904 827 ergo
935 746 1090 828 quaeritis
1121 765 1181 824 me,
1213 748 1311 811 sinite
1333 747 1511 827 hos-abire,

204 850 236 914 9.
268 855 302 914 ut
332 848 520 932 impleretur
549 868 664 923 sermo,
696 867 790 930 quem
829 849 926 916 dixit:
958 852 1044 931 quia,
1075 870 1155 932 quos
1179 852 1296 916 dedisti
1321 853 1408 931 mihi,
1443 870 1506 917 non

206 954 332 1036 perdidi
364 972 402 1017 ex
433 954 479 1020 eis
511 972 709 1037 querrrquam.
761 957 808 1018 10.
833 952 940 1020 Simon
965 972 1042 1038 ιιι-ἕο
1068 957 1180 1021 Petrus
1211 956 1332 1021 habens
1367 957 1507 1038 gladium

207 1059 317 1124 eduxit
347 1077 421 1123 enm
455 1062 488 1123 et
519 1059 678 1141 percussit
708 1077 836 1124 sernum
869 1059 1025 1141 principis
1060 1061 1272 1139 sacerdotum¹
1307 1066 1341 1126 et
1371 1060 1510 1126 abscidit

209 1164 385 1228 auriculam
409 1163 478 1229 eius
501 1164 654 1229 dextram.
679 1163 759 1227 Erat
781 1170 888 1228 autem
912 1183 1026 1229 nomen
1049 1183 1143 1230 seruo
1168 1164 1323 1251 llalchus
1349 1169 1398 1231 ll.
1421 1166 1510 1230 Dixit

206 1286 280 1350 ergo
303 1267 399 1332 Jesus
424 1268 540 1333 Petro:
567 1267 659 1332 hlitre
682 1268 821 1349 gladium
846 1268 877 1334 io
896 1270 1013 1351 uagina
1037 1289 1111 1335 sua:
1136 1270 1277 1350 calicem,
1301 1288 1393 1352 quem
1418 1270 1507 1334 dedit

206 1372 283 1437 milri
301 1376 401 1453 pater,
426 1372 559 1437 nonnis
581 1372 685 1436 bibam
711 1372 821 1436 illum?
846 1378 896 1439 12.
925 1371 1046 1439 Cohors
1069 1394 1146 1456 ergo
1169 1375 1370 1439 attribuens
1394 1380 1427 1437 et
1449 1376 1507 1437 mi-

208 1478 300 1543 nistri
330 1476 525 1541 ludaeorum
557 1477 868 1557 comprehenderunt
897 1476 1009 1543 lesum
1039 1483 1074 1543 ct
1105 1479 1293 1560 ligauerunt,
1329 1481 1376 1544 13.
1400 1483 1434 1543 et
1455 1478 1510 1541 ad-

207 1583 366 1647 duxerunt
389 1600 460 1645 eum
486 1581 526 1645 ad
554 1584 671 1647 Annam
698 1581 849 1665 primum;
875 1584 1051 1648 eratenim
1075 1602 1166 1649 socer
1190 1582 1343 1663 Caiphae,
1367 1584 1510 1663 quierat

208 1686 355 1769 princeps
378 1686 579 1751 sacerdotum
605 1688 678 1751 anni
703 1686 798 1753 illius.
829 1690 875 1751 14.
894 1687 974 1752 Erat
996 1693 1103 1752 autem
1121 1686 1237 1766 Gallos,
1261 1690 1314 1769 qui
1340 1686 1507 1752 consilium

207 1791 296 1855 dedit
317 1790 462 1869 ludaeis,
486 1792 562 1873 quio
584 1793 713 1871 expedit
738 1810 833 1856 unum
856 1790 1016 1857 hominem
1041 1794 1117 1857 mori
1145 1812 1200 1873 pro
1224 1790 1352 1874 populo.
1381 1794 1428 1857 15.
1453 1789 1509 1857 Sc·

207 1897 363 1977 oriebatur
386 1900 490 1961 autern
522 1894 634 1960 lesum
667 1895 774 1961 Simon
799 1898 911 1962 Petrus
941 1903 975 1963 et
998 1897 1080 1962 alins
1113 1897 1304 1975 discipnlns;
1330 1898 1506 1979 discipulus

207 2007 311 2067 antero
337 2000 391 2065 ille
415 2006 484 2065 erat
507 2008 602 2067 notus
627 2002 764 2084 principi
788 2003 988 2067 sacerdotum
1012 2010 1045 2066 et
1060 2001 1155 2066 simul
1175 2002 1324 2066 introinit
1338 2021 1411 2067 cum
1426 2002 1505 2068 Jesn

207 2105 238 2170 in
262 2106 378 2170 atrium
411 2105 563 2188 principis
586 2106 798 2171 sacerdotum.
840 2107 887 2171 16.
913 2108 1029 2173 Petrus
1053 2111 1161 2171 antem
1189 2106 1295 2172 stabat
1328 2107 1368 2171 ad
1392 2107 1508 2171 ostium

207 2208 293 2275 foris.
320 2210 430 2273 Exinit
451 2228 527 2291 ergo
552 2210 729 2292 discipulus
751 2211 805 2275 ille
828 2211 921 2291 alius,
950 2210 1004 2293 qui
1029 2218 1099 2277 erat
1122 2217 1218 2276 notus
1242 2212 1378 2293 principi
1402 2230 1509 2276 sacer·

207 2316 327 2389 dotum,
351 2322 383 2378 et
407 2315 487 2381 dixit
510 2314 671 2393 ostiariae,
695 2321 727 2380 et
752 2316 929 2380 introduxit
953 2316 1092 2381 Petrum.
1130 2318 1176 2380 ll.
1203 2316 1290 2379 Dixit
1312 2334 1387 2397 ergo
1413 2318 1508 2381 Petro

208 2419 263 2485 illa
286 2418 402 2485 ancilla
426 2420 573 2484 ostiaria:
612 2417 774 2499 Numquid
796 2426 830 2483 et
853 2422 887 2483 tu
913 2439 951 2483 ex
975 2420 1142 2501 discipulis
1172 2438 1206 2484 es
1230 2420 1366 2485 hominis
1389 2420 1508 2485 huius?

209 2524 294 2589 Dicit
317 2523 388 2589 ille:
413 2523 484 2588 Non
508 2543 587 2588 sunr.
614 2528 662 2589 18.
689 2523 824 2589 Stabant
846 2529 952 2589 autem
976 2526 1063 2589 serui
1079 2532 1112 2588 et
1126 2525 1264 2589 ministri
1288 2525 1328 2589 ad
1346 2526 1507 2606 carbones,

207 2630 280 2711 qnia
311 2627 411 2709 frigus
435 2634 520 2706 erat;
552 2634 622 2693 erat
645 2633 752 2692 antem
777 2647 848 2692 cum
871 2628 920 2693 eis
943 2632 976 2693 at
998 2630 1114 2695 Petrus
1146 2635 1234 2694 stans
1261 2635 1295 2694 et
1317 2629 1508 2696 calefaciens

207 2752 251 2799 se.
281 2734 327 2799 19.
341 2733 490 2813 Princeps
514 2750 591 2814 ergo
614 2733 816 2798 sacerdotum
840 2735 1050 2815 interrogauit
1062 2733 1172 2799 lesum
1190 2734 1231 2799 de
1249 2734 1415 2815 discipulis
1438 2737 1507 2799 eius

207 2839 303 2914 etde
334 2836 479 2904 doctriua
509 2838 587 2904 eius.
635 2840 685 2902 20,
710 2839 888 2920 Respondit
911 2838 1024 2904 lesus:
1060 2839 1129 2920 Ego
1153 2839 1257 2920 palam
1288 2839 1413 2904 loeutus
1437 2857 1506 2904 snm

207 2943 341 3022 mund03
373 2961 432 3024 ego
456 2961 582 3025 semper
605 2943 698 3008 docui
722 2944 754 3008 in
780 2961 941 3025 synagoga
964 2946 997 3006 et
1019 2943 1052 3006 in
1075 2944 1203 3024 templo,
1228 2962 1290 3024 quo
1318 2963 1427 3008 omnes
1451 2943 1508 3008 Ju-

207 3048 279 3113 daei
303 3049 506 3126 conueniunt,
530 3053 563 3112 et
586 3049 617 3112 in
641 3047 765 3112 occulto
788 3048 916 3112 locutus
939 3065 1007 3111 sum
1032 3046 1120 3111 nihil.
1153 3049 1205 3112 21.
1229 3047 1312 3124 Quid
1336 3066 1386 3112 me
1410 3047 1507 3114 iuter-

207 3153 321 3234 rogas?
344 3152 528 3235 Interrogas
551 3171 618 3231 eos,
642 3153 695 3232 qui
719 3153 901 3232 audieruut,
926 3153 1003 3233 qnid
1026 3151 1152 3217 locutos
1168 3171 1236 3216 snm
1253 3153 1351 3234 ipsis:
1375 3171 1450 3219 ecce
1472 3154 1506 3218 hi

207 3259 322 3335 sciunt,
331 3275 413 3338 quae
423 3257 559 3322 dixerim
572 3277 640 3338 ego.
652 3259 702 3322 22.
713 3257 801 3322 Haec
812 3263 918 3321 antem
930 3277 1001 3323 cnm
1012 3258 1154 3334 dixisset,
1165 3257 1295 3323 nnusde
1307 3241 1507 3322 adstantibus

207 3364 362 3428 ministris
397 3362 487 3427 dedit
521 3363 655 3444 palmam
680 3362 759 3428 lesu
795 3363 922 3428 dicens:
960 3363 1012 3428 Sic
1034 3363 1210 3445 respondes
1243 3363 1377 3444 principi
1401 3382 1507 3428 sacer·

207 3467 342 3532 dotum?
387 3469 438 3534 23.
462 3467 639 3550 Respondit
670 3469 698 3534 ei
722 3466 835 3532 Jesus:
875 3467 907 3532 Si
931 3469 1015 3531 rrrale
1037 3468 1162 3532 locutus
1186 3487 1265 3545 snm,
1289 3467 1506 3533 testimoninm

208 3572 340 3652 perhibe
375 3572 415 3635 de
446 3571 544 3650 malo;
579 3572 607 3636 si
638 3577 743 3652 autem
766 3571 859 3652 bene,
891 3572 968 3653 qnid
991 3590 1040 3635 me
1064 3573 1195 3636 caedis?
1240 3573 1291 3636 24.
1316 3571 1406 3636 Misit
1429 3591 1505 3654 ergo

207 3696 279 3742 cunr
311 3679 418 3741 Aonas
447 3678 587 3741 uinctum
615 3677 653 3740 ad
685 3675 828 3757 caiphan
853 3675 1042 3757 pontificem.
1088 3678 1139 3742 25.
1163 3677 1243 3741 Erat
1266 3682 1370 3740 antem
1395 3677 1504 3741 Simon

208 3782 323 3846 Petrus
348 3787 440 3848 stans
464 3787 497 3846 et
520 3780 703 3847 calliaciens
726 3799 769 3848 se.
811 3782 970 3846 Dixerunt
992 3799 1067 3862 ergo
1091 3783 1138 3844 ei:
1169 3780 1331 3862 Numquid
1355 3788 1387 3844 et
1410 3787 1445 3846 tn
1468 3801 1506 3846 ex

208 3887 373 3968 discipulis
397 3888 466 3952 eins
489 3887 548 3951 es?
571 3884 708 3970 Negauit
732 3885 787 3950 ille
810 3889 843 3950 et
866 3886 960 3951 dixit:
991 3903 1051 3949 non
1076 3903 1154 3949 sum.
1179 3888 1230 3951 26.
1245 3884 1336 3948 Dixit
1357 3903 1439 3950 unns
1463 3873 1503 3951 ex

208 3996 312 4058 seruis
334 3988 493 4074 pontilicis
516 3997 672 4072 cognatus
695 3990 774 4068 eins,
800 3990 890 4055 onius
914 3988 1050 4053 abscidit
1072 3990 1186 4054 Petrus
1205 3990 1395 4055 auriculam:
1434 3989 1506 4055 Non

208 4116 267 4179 ego
297 4102 330 4162 te
360 4097 426 4160 nidi
458 4097 488 4160 in
513 4096 606 4160 horto
636 4113 706 4159 cum
732 4094 809 4158 illo?
853 4094 1312 4176 27.1te1·umerg0nagauo‚
1343 4095 1506 4160 utstatim

207 4202 312 4283 gallus
334 4202 484 4266 cantauit.
510 4203 560 4266 28.
586 4200 757 4264 Adducunt
780 4198 890 4264 Jesum
915 4198 955 4262 ad
972 4197 1116 4280 Caiphan
1141 4200 1172 4262 in
1195 4199 1400 4280 praetorium.
1424 4199 1503 4264 Erat

209 4312 314 4372 autem
345 4325 436 4370 mane
459 4311 493 4370 et
516 4306 577 4388 ipsi
600 4323 661 4368 non
691 4305 884 4369 introierunt
914 4302 947 4367 in
969 4305 1174 4384 praetorium,
1211 4309 1330 4368 utnon
1355 4300 1506 4369 contami·

207 4416 369 4484 narentur,
404 4412 459 4476 sed
494 4411 722 4474 manducarent
752 4408 880 4490 pascha.
927 4409 979 4471 29.
1003 4406 1114 4471 Exiuit
1146 4427 1221 4489 ergo
1244 4407 1365 4473 Pilatus
1387 4406 1507 4497 adeas

208 4514 293 4582 toras
315 4520 349 4580 et
371 4515 467 4580 dixit:
499 4532 593 4595 quam
619 4515 851 4580 accusationem
875 4510 1010 4578 adfertis
1033 4512 1188 4576 aduersus
1219 4511 1376 4577 hominem
1398 4511 1506 4576 hunc?

135 4641 137 4646 ’
208 4621 260 4687 30.
283 4619 529 4701 Responderunt
552 4623 583 4683 et
607 4619 757 4684 dixerunt
780 4619 825 4683 ei:
862 4617 894 4683 si
927 4635 989 4680 non
1019 4621 1105 4681 esset
1134 4614 1186 4679 hic
1216 4615 1413 4693 malefactor,
1443 4635 1505 4680 nou

208 4724 267 4790 tibi
291 4725 491 4792 traderemus
522 4741 603 4788 eum.
649 4726 701 4788 31.
726 4722 811 4787 Dicit
835 4721 974 4786 Pilutus:
1003 4721 1148 4803 Accipite
1171 4740 1253 4802 euru,
1277 4727 1309 4784 et
1332 4721 1505 4786 secundum

210 4829 314 4914 legem
344 4836 486 4895 uestram
510 4829 650 4894 iudicate
673 4828 713 4893 de
737 4847 784 4892 eo.
823 4828 981 4892 Dixerunt
1003 4845 1078 4910 ergo
1101 4825 1132 4889 ei
1154 4825 1289 4890 ludaei.-
1321 4825 1421 4898 Nobis
1437 4844 1507 4910 non
