3625 5775
355 555 416 620 118
743 546 926 617 Euangelium
946 545 1096 601 secundum
1115 545 1266 602 Lucanum.
1563 547 1592 600 c,
1612 552 1655 602 24.

352 777 451 844 meos,
474 761 550 841 quia
572 776 631 840 ego
654 776 722 823 sum
746 756 833 839 ipse;
867 757 996 838 palpate
1019 762 1052 822 et
1076 755 1193 838 uidete,
1217 757 1293 838 quie
1316 758 1450 838 spiritus
1473 777 1598 824 caruem
1621 764 1655 824 et

351 883 426 932 ussa
448 883 511 928 nun
533 862 640 942 habet,
663 864 749 928 sieut
770 880 821 925 me
845 861 962 926 uidetis
987 861 1114 924 bebere.
1159 862 1210 926 41.
1238 859 1350 926 Adbuc
1373 867 1479 926 eutem
1502 863 1567 928 iltis
1590 882 1653 928 nou

352 969 558 1035 credentibus
581 975 615 1034 et
637 967 825 1033 mirantibus
863 985 941 1047 prae
978 964 1093 1046 gaudio
1132 965 1227 1031 dixit:
1267 965 1401 1031 Habetis
1438 966 1560 1048 aliquid
1592 965 1654 1048 bie,

352 1074 438 1154 quod
461 1072 760 1138 manduceturidd.
776 1072 824 1135 Ad
848 1070 895 1134 iili
919 1069 1106 1152 optulerunt
1118 1071 1146 1134 ei
1171 1075 1293 1152 partem
1310 1070 1408 1152 piscis
1431 1088 1535 1135 ussum
1559 1075 1592 1135 et
1615 1073 1656 1135 de

352 1177 434 1243 iubo.
479 1179 532 1244 43.
556 1179 601 1243 Et
634 1177 829 1242 manducans
866 1195 973 1240 euram
998 1176 1077 1258 ipsis
1102 1177 1182 1241 dixit
1204 1176 1244 1240 ud
1268 1193 1343 1240 eos:
1388 1175 1441 1238 ii.
1466 1173 1556 1240 Haec
1579 1181 1655 1241 suut

352 1283 462 1361 uerba,
486 1301 569 1364 quae
591 1282 719 1347 loeutus
742 1300 811 1346 sum
829 1281 870 1344 ad
887 1301 955 1358 uos
980 1299 1049 1346 eum
1067 1279 1170 1346 adbuc
1186 1299 1290 1344 esseru
1306 1279 1480 1363 uobiscum,
1504 1279 1654 1362 quoniam

353 1407 484 1452 neeesse
506 1394 557 1453 est
578 1388 720 1469 suppleri
743 1388 856 1459 umuiu,
895 1405 977 1468 quae
1008 1385 1127 1468 scriptu
1150 1391 1226 1451 suut
1249 1387 1282 1450 iu
1306 1385 1376 1466 lege
1401 1385 1502 1466 Moysi
1527 1391 1560 1448 et
1582 1403 1655 1467 pro·

352 1492 458 1572 phetis
481 1499 513 1556 et
536 1491 667 1574 psalmis
691 1493 812 1555 deme.
844 1492 896 1555 dir.
921 1489 1009 1554 Tunc
1033 1491 1159 1572 speruit
1181 1489 1246 1554 iliis
1270 1507 1406 1566 sensum,
1431 1493 1466 1553 ut
1488 1488 1656 1570 intellege·

352 1603 424 1660 rent
447 1615 494 1676 eu,
526 1614 608 1677 quue
631 1596 751 1677 scriptu
774 1601 857 1660 sunt.
903 1597 955 1658 46.
982 1593 1023 1658 Et
1048 1595 1129 1658 dixit
1152 1595 1214 1658 eis:
1255 1594 1402 1676 quonium
1426 1593 1474 1658 sie
1497 1592 1653 1674 seriptum

352 1704 421 1763 est:
446 1700 606 1765 Christum
631 1703 697 1782 pati
720 1706 755 1765 et
776 1718 943 1781 resurgere
959 1719 979 1764 a
994 1699 1137 1778 mortuis,
1161 1700 1213 1765 47.
1237 1705 1269 1764 et
1286 1697 1507 1780 praedicarim
1525 1699 1654 1765 nomine

353 1807 423 1868 eius
460 1806 688 1885 paenitentiam
711 1811 744 1870 et
778 1807 913 1870 remissa
945 1811 1149 1887 peccaturum
1182 1805 1212 1868 iu
1248 1803 1333 1868 omni
1366 1808 1463 1886 geute
1498 1803 1651 1885 incipieu-

351 1907 438 1973 tibus
461 1909 501 1974 ab
526 1906 759 1992 Hierosolyma.
783 1913 835 1977 48.
859 1911 926 1975 Uos
951 1917 1057 1974 sutem
1081 1911 1159 1974 estis
1181 1915 1282 1974 testes
1306 1907 1428 1972 borum.
1451 1909 1504 1972 49.
1528 1909 1572 1974 Et
1592 1925 1654 1990 ego

351 2014 443 2078 mitto
473 2013 633 2094 promissa
663 2015 765 2095 putris
788 2016 849 2078 mei
874 2016 905 2078 iu
930 2013 1037 2097 uubis3
1077 2035 1133 2079 uos
1172 2021 1278 2079 autem
1317 2013 1426 2078 sedete
1466 2014 1497 2077 iu
1522 2013 1655 2078 ciuitate

355 2118 563 2199 quoadusque
597 2119 770 2183 induamini
802 2119 955 2184 uirtutem
980 2120 1019 2182 ub
1043 2119 1117 2185 ulto.
1149 2123 1200 2186 50.
1225 2119 1345 2183 Eduxit
1368 2125 1475 2183 autem
1498 2135 1552 2184 eus
1576 2117 1656 2183 foris

353 2226 384 2288 in
409 2223 609 2301 Bethauium,
633 2228 666 2286 et
688 2224 825 2288 eleuatis
848 2225 996 2287 munibus
1020 2223 1086 2288 suis
1110 2223 1273 2287 benedixit
1295 2241 1359 2288 eus.
1385 2223 1436 2286 bl.
1471 2221 1514 2287 Et
1536 2222 1655 2286 tactum

352 2334 412 2404 est,
436 2328 509 2393 dum
533 2327 696 2392 benedixit
719 2326 800 2406 iiius,
824 2331 962 2394 recessit
985 2330 1024 2392 ab
1048 2329 1104 2392 eis.
1134 2331 1183 2392 52.
1210 2328 1252 2391 ldt
1276 2328 1335 2408 ipsi
1359 2327 1498 2408 regressi
1521 2331 1596 2390 suut
1621 2327 1653 2390 in

352 2431 554 2498 Hierusalem
577 2451 648 2498 cum
671 2433 787 2511 gaudio
811 2451 934 2514 tregue.
973 2435 1023 2498 53.
1050 2434 1090 2497 rx
1113 2438 1206 2498 eruut
1228 2449 1354 2512 semper
1388 2412 1561 2512 intemplo
1585 2431 1654 2496 iari-

353 2538 476 2603 dentes.

457 2641 636 2707 Secundum
663 2642 778 2708 burun.
803 2644 944 2724 explicit.
971 2643 1086 2726 lueipit
1109 2643 1281 2706 secuudum
1310 2639 1463 2705 blureuur.
