3625 5775
11 493 12 503 ,
113 464 142 516 C.
163 470 202 518 13.
513 465 699 536 Euangeliunn
717 465 870 522 seeundum
888 463 1022 522 Marcum.
1349 471 1411 537 139

110 695 255 760 regnum,
279 685 312 744 et
335 685 429 744 erent
452 685 666 745 terraemotus
690 697 746 760 per
770 677 839 742 loce
862 684 894 743 et
916 677 1017 744 fames
1048 679 1174 745 initium
1199 678 1346 743 dolorum
1374 717 1406 726 -

114 819 148 828 -
177 819 217 828 -
240 820 284 831 -
310 821 343 828 -
374 784 422 849 19.
447 789 542 847 erunt
563 784 650 848 enirn
673 784 706 848 in
729 782 846 849 diebus
869 781 934 847 iliis
951 784 1175 856 tribulationes
1191 783 1282 865 talea,
1298 782 1408 865 quoles

110 906 172 951 non
196 888 330 953 fuerunt
361 888 402 953 ab
425 889 516 953 initio
537 894 713 966 creaturae,
739 906 777 952 ex
800 906 863 968 quo
894 888 1000 952 omnia
1031 886 1174 952 condidit
1205 888 1285 952 deus
1309 907 1410 969 usqua

109 1011 195 1056 nuno
218 1011 323 1073 neque
345 1000 440 1057 erunt
457 1040 465 1057 .
485 1044 491 1056 .
512 1044 518 1057 .
540 1045 547 1060 .
571 994 622 1058 20.
647 992 689 1057 Et
712 991 772 1056 nisi
798 990 976 1057 brebiasset
999 992 1146 1056 dontinus
1169 992 1237 1057 dies
1282 998 1411 1073 propter·

11 1166 12 1189 χ
108 1096 228 1161 eleetos
252 1114 328 1161 suos
347 1149 353 1161 .
373 1147 379 1161 .
401 1148 407 1160 .
427 1095 518 1162 fieret
541 1097 631 1163 saiua
654 1096 719 1160 niis
733 1115 816 1175 earo,
831 1096 887 1160 sed
904 1102 1036 1178 propter
1050 1096 1181 1174 eiectos,
1204 1115 1284 1178 quos
1300 1097 1406 1178 elegit,

11 1190 13 1245 i
108 1199 344 1266 brebiabuntur
366 1201 437 1266 dies
460 1202 517 1266 ilii.
553 1201 916 1282 annuosque
951 1202 1043 1266 nobis
1077 1203 1214 1267 dixerit:
1253 1201 1336 1267 Eece
1358 1203 1410 1266 irie

11 1300 13 1438 t
108 1313 160 1369 est
184 1304 341 1384 Christus
361 1308 428 1372 uei:
445 1306 612 1385 secedite,
630 1325 669 1370 ne
686 1306 898 1370 credideritis.
917 1307 967 1370 22.
985 1305 1153 1387 Erungent
1168 1307 1252 1371 eninr
1271 1306 1407 1389 pseudo-

11 1490 12 1493 *
108 1409 221 1475 ebriati
245 1415 278 1476 et
301 1410 610 1494 pseudoprophetae,
634 1417 667 1476 et
690 1411 813 1475 dabunt
837 1412 927 1491 signa
952 1418 986 1477 et
1007 1417 1134 1476 ostenta
1149 1412 1190 1477 od
1206 1412 1408 1478 seducendos

107 1513 263 1593 homines,
299 1516 325 1579 si
349 1513 420 1580 fieri
444 1520 560 1597 potest,
596 1515 693 1579 etiarn
728 1513 856 1580 eleetos.
894 1517 946 1580 23.
969 1515 1038 1581 Uos
1072 1534 1148 1597 ergo
1172 1518 1295 1581 uidete:
1333 1534 1408 1580 eece

110 1620 254 1701 praedixi
279 1618 371 1684 nobis
395 1620 510 1685 omnia.
535 1622 577 1684 24
596 1671 602 1684 .
623 1671 629 1684 .
650 1670 656 1682 .
677 1619 740 1684 iilis
772 1619 883 1686 diebus
916 1627 990 1702 post
1020 1620 1270 1686 tribulationem.
1303 1657 1343 1666 —
1367 1658 1409 1667 -
