3625 5775
341 558 383 625 70
709 558 889 629 Euangeliou
910 558 1059 615 seeundum
1079 560 1245 615 Jobauuenr.
1541 563 1571 617 C.
1592 558 1635 610 ll.

338 790 416 838 uere
446 776 520 837 ute
552 772 648 853 esini,
679 776 712 836 et
742 770 957 851 crediderunt,
992 770 1067 854 quia
1096 779 1131 836 tu
1163 790 1213 835 me
1244 773 1368 837 misisti.
1414 774 1444 838 9.
1477 774 1547 855 Ego
1578 792 1634 856 pro

336 877 383 943 eis
405 895 500 959 rogo:
532 894 594 940 non
619 893 675 956 pro
699 875 816 941 mundo
839 894 926 956 rogo,
958 876 1016 941 sed
1040 895 1097 958 pro
1120 876 1178 954 eis,
1203 894 1282 956 quos
1305 876 1423 941 dedisti
1451 877 1538 955 mibi,
1561 879 1635 955 quia

336 983 383 1047 tui
407 984 490 1064 sunt,
514 982 563 1046 10.
587 984 620 1044 et
641 998 712 1044 mea
735 980 842 1044 omnia
863 984 920 1046 tua
943 986 1028 1059 sunt,
1052 986 1085 1045 et
1107 985 1164 1045 tua
1186 1000 1265 1061 mea,
1289 987 1322 1047 et
1346 980 1540 1047 clarificatus
1564 1000 1633 1047 sum

337 1089 370 1153 iu
394 1087 450 1152 eis.
478 1088 527 1153 11.
551 1085 680 1150 Etiam
705 1103 767 1149 nou
790 1102 859 1149 sum
883 1084 915 1148 in
939 1085 1149 1169 boemundo,
1173 1086 1262 1151 ethi
1287 1088 1318 1151 in
1335 1087 1395 1153 hoc
1417 1088 1535 1152 arundo
1550 1091 1634 1165 sunt,

337 1198 370 1259 ot
391 1208 452 1275 ego
474 1190 515 1254 ad
535 1190 685 1254 tauenio.
718 1189 814 1254 Pater
836 1194 957 1269 sancte,
981 1208 1077 1255 serua
1099 1208 1155 1256 eos
1177 1191 1210 1254 in
1232 1191 1358 1255 nomine
1380 1196 1452 1269 tuo;
1479 1193 1528 1257 12.
1554 1190 1634 1255 Gom

336 1314 441 1364 essem
480 1313 551 1360 oum
590 1294 645 1374 eis,
691 1312 750 1376 ego
789 1294 956 1361 seruabam
1001 1314 1058 1359 eos
1102 1296 1135 1359 iu
1179 1296 1307 1360 nomine
1351 1302 1424 1374 tuo;
1463 1313 1544 1377 quoa
1580 1295 1634 1360 de-

337 1402 415 1468 disti
438 1400 525 1478 mibi,
558 1398 727 1481 custodiui‚
751 1404 784 1465 ot
806 1418 898 1465 nomo
922 1419 959 1463 ex
983 1399 1030 1465 eis
1051 1401 1145 1483 perit,
1176 1401 1238 1465 nisi
1262 1398 1347 1467 lilius
1377 1401 1577 1481 perditionis,
1601 1406 1635 1465 ut

337 1507 499 1589 scriptura
529 1503 707 1586 impleatur.
737 1506 785 1571 13.
809 1504 902 1570 Nunc
932 1511 1039 1569 autem
1062 1505 1104 1569 ad
1126 1512 1159 1570 te
1182 1506 1289 1583 uenio,
1313 1510 1347 1569 et
1368 1506 1447 1570 baec
1468 1505 1581 1587 loquor
1603 1507 1635 1570 in

337 1614 396 1677 boc
429 1608 556 1689 mundo,
595 1614 631 1673 ut
663 1609 804 1673 habeant
840 1610 991 1689 gaudium
1025 1629 1130 1675 meum
1167 1610 1333 1692 impletum
1371 1610 1403 1675 in
1441 1611 1633 1691 semetipsis.

339 1718 387 1782 14.
413 1717 482 1800 Ego
513 1715 589 1779 dedi
619 1715 667 1778 eis
690 1732 869 1779 sermonem
891 1718 992 1798 tuum,
1025 1715 1217 1779 otmundus
1240 1715 1314 1780 odio
1336 1713 1450 1779 babuit
1472 1734 1537 1793 eos,
1561 1714 1636 1797 quia

268 1868 275 1877 .
336 1840 397 1885 non
421 1827 496 1886 sunt
519 1820 558 1884 de
581 1820 708 1885 mundo.
756 1820 803 1884 15.
829 1818 900 1885 Non
932 1839 1020 1905 rogo,
1044 1826 1081 1885 ut
1109 1819 1283 1887 tollaseos
1306 1821 1496 1901 demando,
1520 1820 1577 1885 sed
1599 1826 1637 1883 ut

336 1944 445 1992 seruos
469 1943 524 1992 eos
540 1930 566 1987 ‘a
588 1924 681 1988 malo.
723 1927 772 1990 16.
797 1924 845 1988 De
868 1925 929 1991 boc
952 1924 1070 1989 mundo
1093 1944 1156 1989 non
1180 1933 1266 2008 sunt,
1290 1926 1374 1990 sicut
1397 1944 1455 2006 ego
1478 1944 1541 1991 non
1564 1942 1634 1989 suro

337 2032 377 2097 de
399 2031 458 2096 hoc
482 2031 608 2095 rnundo.
636 2032 684 2095 17.
709 2028 879 2095 Sanctifica
902 2049 957 2095 eos
981 2032 1014 2095 iu
1030 2033 1180 2112 ueritate,
1204 2049 1307 2095 sermo
1330 2033 1407 2094 tuus
1430 2030 1549 2095 rneritns
1572 2034 1634 2094 est.

339 2138 387 2203 18.
413 2138 502 2203 Siout
524 2154 574 2199 me
599 2134 714 2200 misisti
727 2135 758 2199 in
783 2135 866 2199 buno
890 2138 1050 2215 mundum,
1075 2140 1108 2200 et
1130 2152 1188 2217 ego
1211 2135 1283 2199 misi
1307 2153 1362 2199 eos
1385 2136 1418 2199 in
1441 2134 1524 2199 bunc
1547 2153 1634 2199 mun-

339 2243 424 2321 dum,
457 2246 491 2304 et
521 2258 577 2321 pro
608 2240 656 2304 eis
688 2238 851 2305 sanctifico
876 2259 926 2305 me
950 2241 1062 2322 ipsum,
1080 2244 1117 2303 ut
1139 2240 1206 2306 sint
1227 2240 1289 2321 ipsi
1313 2237 1503 2304 sanctificati
1527 2241 1559 2303 in
1582 2258 1634 2303 ue·

335 2346 441 2411 ritate.
487 2344 538 2409 20.
563 2343 632 2410 Non
668 2364 725 2426 pro
756 2344 806 2409 bis
828 2364 905 2427 rogo
928 2350 1065 2425 tantum,
1096 2345 1153 2409 sed
1177 2342 1319 2424 probis,
1343 2344 1396 2425 qui
1421 2343 1556 2408 credunt
1577 2360 1635 2425 por

335 2468 513 2517 sermonem
543 2467 653 2515 uorum
686 2450 718 2514 in
741 2468 802 2532 ure,
841 2455 892 2515 21.
918 2455 954 2514 ut
976 2468 1085 2514 omnes
1107 2468 1204 2513 unum
1229 2448 1303 2527 sint,
1327 2447 1408 2513 sicut
1431 2451 1465 2513 tu
1488 2452 1580 2529 pater
1602 2448 1634 2512 in

335 2574 386 2621 me
409 2563 442 2621 et
464 2574 521 2637 ego
545 2556 578 2618 in
600 2558 643 2637 te,
668 2560 703 2617 ut
726 2564 758 2618 et
782 2555 845 2636 ipsi
869 2555 901 2619 in
925 2555 1019 2619 uobis
1041 2556 1116 2629 sint,
1139 2552 1334 2618 otmundus
1357 2554 1478 2631 credat,
1502 2553 1578 2633 quio
1599 2559 1633 2617 tu

335 2680 384 2725 me
418 2661 544 2725 misisti.
590 2660 641 2723 22.
665 2658 709 2721 Et
739 2678 797 2739 ego
828 2660 1019 2738 claritatem,
1042 2678 1136 2739 quam
1161 2658 1278 2721 dedisti
1302 2658 1389 2736 mibi,
1420 2657 1495 2722 dedi
1518 2658 1576 2729 eis,
1599 2662 1634 2721 ut

335 2768 399 2832 sint
422 2783 529 2842 unum,
554 2764 636 2829 sicut
660 2770 693 2828 et
716 2781 774 2829 nos
797 2782 893 2829 unum
919 2782 1039 2828 suurus.
1085 2765 1136 2828 23.
1160 2763 1230 2845 Ego
1260 2765 1292 2827 in
1316 2764 1364 2827 eis
1394 2768 1427 2825 ot
1450 2773 1483 2825 tu
1509 2762 1541 2826 in
1565 2780 1633 2841 rno;

335 2876 371 2938 ut
393 2873 459 2937 sint
489 2869 697 2937 consummati
728 2870 760 2934 in
792 2889 888 2934 unum
913 2876 946 2935 et
970 2874 1141 2951 cognoscat
1171 2868 1316 2948 mundus,
1346 2868 1423 2950 quia
1444 2874 1480 2931 tu
1502 2885 1554 2932 me
1577 2868 1633 2931 mi-

334 2978 415 3058 sisti,
439 2983 471 3042 et
494 2975 591 3042 dilexi
614 2992 678 3055 eos,
703 2977 787 3042 siout
809 2980 841 3039 at
872 2980 907 3039 tu
937 2994 987 3039 me
1011 2975 1161 3039 dilexisti.
1197 2977 1248 3040 24.
1274 2974 1378 3055 Pater,
1410 2991 1491 3053 quos
1514 2971 1632 3036 dedisti

334 3083 422 3162 mibi,
446 3081 520 3147 uolo
542 3087 579 3146 ut
602 3081 655 3146 ubi
679 3099 739 3162 ego
762 3098 843 3161 sum,
866 3084 900 3144 et
921 3079 971 3143 illi
994 3081 1059 3144 sint
1082 3099 1214 3158 mecum,
1239 3083 1275 3143 ut
1298 3079 1431 3143 uideant
1454 3077 1633 3142 claritatem

334 3205 446 3266 meaux,
460 3203 552 3268 quam
563 3186 680 3251 dedisti
697 3183 935 3267 mibi‚quoniam
949 3184 1088 3249 dilexisti
1099 3203 1148 3248 me
1160 3188 1235 3247 ante
1244 3185 1502 3248 constitutionem
1513 3182 1630 3247 mundi.

334 3293 387 3358 25.
397 3291 491 3356 Pater
507 3291 600 3374 iuste,
614 3290 791 3356 munduste
801 3309 863 3356 non
876 3289 1222 3371 cognouitegoautem
1234 3288 1417 3370 tecognoui
1429 3288 1503 3353 ethi
1518 3305 1633 3368 cogno-

334 3403 462 3476 uerunt,
486 3399 561 3480 ordo
591 3402 625 3462 tu
657 3414 707 3462 me
736 3396 862 3462 misisti.
909 3398 961 3460 26.
985 3394 1030 3458 Et
1052 3399 1161 3458 noturu
1184 3393 1246 3458 leci
1269 3395 1319 3457 eis
1342 3411 1455 3458 nomen
1477 3399 1577 3472 tuum,
1601 3399 1634 3456 et

334 3507 443 3570 notum
467 3502 592 3580 luciam,
616 3506 653 3566 ut
665 3502 805 3580 dilectio,
830 3519 893 3582 qua
917 3499 1056 3564 dilexisti
1071 3517 1132 3577 me,
1156 3499 1188 3562 in
1205 3498 1283 3580 ipsis
1298 3498 1351 3576 sit,
1367 3503 1400 3561 et
1415 3516 1473 3574 epo
1490 3497 1522 3560 in
1540 3496 1631 3579 ipsis.

438 3709 579 3779 xvm.
614 3714 641 3775 1.
665 3710 757 3775 Haec
779 3728 849 3774 curn
873 3710 1009 3773 dixisset
1031 3707 1138 3786 iesus,
1163 3707 1264 3770 exiuit
1279 3724 1348 3770 cunr
1373 3706 1538 3786 discipulis
1562 3707 1629 3770 auis

335 3823 424 3882 trans
456 3821 631 3882 torrentem
662 3811 800 3879 fluminis
831 3811 936 3889 Cedri,
967 3813 1021 3876 ubi
1051 3817 1120 3876 erat
1150 3812 1272 3891 hortus,
1305 3813 1336 3875 in
1368 3830 1460 3893 quern
1487 3811 1632 3876 introiuit

335 3922 405 4003 ipse
428 3925 461 3984 et
483 3918 632 4002 discipuli
654 3920 734 3985 eius.
768 3921 797 3984 2.
820 3916 951 3984 Sciebat
972 3924 1080 3982 autem
1103 3923 1138 3980 et
1160 3916 1275 3992 Judas,
1298 3918 1353 3998 qui
1376 3917 1525 3982 tradebat
1547 3934 1630 3994 eum,

334 4027 437 4108 ipsum
468 4025 582 4104 locum,
605 4025 679 4105 quia
709 4022 895 4104 frequenter·
925 4021 1022 4087 Jesus
1045 4027 1238 4088 conuenerat
1273 4022 1349 4086 illuc
1372 4041 1441 4087 cum
1465 4021 1632 4103 discipulis

334 4131 410 4196 suis.
434 4131 465 4195 3.
488 4128 589 4194 Judas
612 4146 689 4210 ergo
713 4148 784 4194 eum
818 4128 998 4208 accepisset
1019 4147 1038 4192 a
1059 4128 1191 4192 cohorte
1215 4131 1248 4192 et
1270 4147 1289 4190 a
1312 4126 1507 4209 principibus
1530 4144 1631 4191 sacer·

333 4235 442 4301 dotum
473 4239 507 4298 et
529 4235 688 4299 Farisaeis
712 4233 883 4311 ministros,
908 4232 998 4296 uenit
1018 4232 1095 4296 illuc
1117 4251 1188 4297 curu
1219 4231 1374 4295 lanternis
1396 4237 1429 4296 et
1452 4230 1575 4294 lacibus
1598 4236 1632 4294 et

334 4339 439 4404 armis.
469 4340 500 4402 4.
524 4337 621 4404 iesus
644 4344 751 4403 autem
775 4339 878 4403 sciens
903 4338 1021 4421 omnia,
1047 4357 1129 4419 quae
1152 4343 1290 4402 uentura
1313 4343 1405 4400 arant
1427 4354 1525 4418 super
1547 4353 1629 4415 eum,

333 4447 499 4528 processit,
524 4451 557 4510 et
580 4444 661 4508 dixit
684 4443 746 4510 eis:
773 4461 865 4525 quern
890 4443 1070 4525 quaeritis?
1115 4446 1144 4508 b.
1170 4441 1418 4522 Responderunt
1450 4441 1496 4504 ei:
1520 4439 1631 4506 iesum

333 4549 521 4614 Neroneum.
546 4549 632 4614 Dicit
655 4550 726 4614 eis:
749 4551 817 4630 Ego
841 4567 921 4613 sum.
946 4546 1059 4612 Stabat
1081 4552 1186 4612 autem
1218 4545 1383 4626 miudes,
1406 4549 1461 4627 qui
1485 4544 1633 4609 tradebat

332 4673 404 4720 eum
436 4671 507 4719 oum
538 4651 626 4736 ipsis.
674 4655 702 4718 6.
729 4651 774 4718 Ut
795 4673 871 4736 ergo
894 4654 977 4718 dixit
998 4653 1062 4718 eis:
1087 4653 1156 4732 Ego
1181 4671 1261 4730 sum,
1285 4651 1434 4716 abierunt
1456 4658 1630 4716 retrorsum

333 4758 562 4824 etceciderunt
584 4760 616 4822 in
640 4763 769 4823 terram.
794 4759 824 4822 7.
848 4759 969 4822 Iterum
992 4775 1068 4840 ergo
1090 4775 1147 4820 eos
1161 4758 1374 4836 interrogauit
1396 4755 1509 4819 Jesus:
1533 4771 1626 4834 quem

332 4863 511 4949 quaeritis?
535 4863 585 4928 Illi
610 4869 717 4930 autern
741 4863 906 4928 dixerunt:
931 4863 1042 4928 desum
1065 4862 1253 4928 Neroneum.
1278 4861 1306 4924 8.
1327 4859 1502 4942 Respondit
1514 4859 1625 4926 Jesus:
