3625 5775
329 536 390 600 122
712 529 895 598 Euangeliou
915 528 1066 584 secundnm
1084 529 1218 584 Marcum.
1561 529 1582 585 c
1602 537 1629 586 ³.

326 744 415 808 dam:
440 760 534 824 surge
558 743 589 805 io
613 741 762 806 medium.
807 742 839 806 4.
865 739 909 805 Et
931 741 1012 805 dixit
1034 741 1073 805 ad
1099 740 1189 806 illos:
1229 741 1319 806 Licet
1341 741 1483 808 sabbatis
1506 741 1628 825 aliquid

323 847 512 912 benefacere
535 865 574 910 un
588 846 694 911 male?
716 846 852 910 unimam
875 846 998 910 saluam
1021 845 1127 910 iacere
1149 863 1189 910 an
1214 845 1372 927 perdere?
1396 846 1444 911 ad
1467 845 1514 911 illi
1538 851 1628 914 tece-

320 953 409 1016 bant.
460 952 490 1018 5.
513 949 556 1014 Et
578 949 838 1031 circumspiciens
861 968 916 1014 eos
940 968 1010 1014 curu
1034 950 1082 1015 ira
1106 950 1170 1015 indi
1190 1001 1197 1014 .
1218 1000 1225 1014 .
1245 1003 1252 1017 .
1273 952 1305 1014 in
1339 953 1495 1016 caecitate
1519 951 1628 1017 cordis

321 1075 443 1136 eorum,
467 1057 513 1120 ait
539 1055 677 1120 bomini:
723 1054 869 1119 Extende
892 1073 1019 1120 manum
1042 1060 1139 1121 tuam.
1187 1055 1230 1120 Et
1253 1055 1397 1120 extendit
1419 1062 1452 1120 et
1475 1057 1628 1122 restituta

325 1166 375 1226 est
398 1178 511 1224 manus
534 1159 603 1224 eius
626 1160 710 1224 sicut
731 1157 805 1222 alie.
836 1161 866 1225 6.
891 1158 1049 1224 Exierunt
1071 1162 1177 1224 autem
1203 1157 1366 1225 Pharisaei
1391 1179 1461 1225 cnm
1487 1158 1626 1226 Herodi·

326 1265 395 1330 anis
417 1271 451 1331 et
473 1263 639 1329 eonsilium
663 1263 824 1328 iaciebant
847 1269 883 1327 nt
906 1262 995 1328 illum
1020 1263 1196 1346 perderent.
1223 1267 1252 1329 7.
1275 1263 1372 1330 Jesus
1396 1283 1473 1330 uero
1489 1267 1628 1331 secessit

329 1388 401 1436 enm
435 1368 603 1451 discipulis
639 1366 707 1433 suis
729 1368 769 1432 ad
804 1386 900 1447 mere,
924 1376 956 1432 et
979 1367 1079 1435 multa
1102 1366 1197 1434 turba
1221 1388 1240 1434 a
1261 1367 1388 1434 iudaea
1411 1375 1444 1435 et
1466 1369 1624 1448 Galilaea,

328 1476 356 1540 8.
379 1480 412 1539 et
436 1475 476 1537 ab
500 1472 731 1555 Hierosolymis
754 1478 787 1536 et
824 1471 865 1537 ab
902 1472 1054 1539 Idumaea
1089 1491 1127 1538 ae
1160 1493 1178 1537 e
1211 1479 1302 1540 trans
1336 1473 1499 1540 Jordanen
1537 1480 1571 1540 01
1603 1495 1624 1541 a

324 1580 407 1661 Tyro
424 1585 492 1643 eta
514 1576 632 1642 Sidone
656 1576 875 1659 sequebantur
898 1577 998 1661 iilum,
1021 1577 1190 1644 audientes
1214 1584 1334 1660 quauta
1357 1577 1504 1644 faciebat.
1528 1582 1557 1645 9.
1582 1578 1627 1645 Et

325 1683 406 1748 dixit
444 1683 609 1766 discipulis
632 1685 710 1760 suis,
755 1687 791 1746 ut
812 1681 963 1748 nanicula
987 1683 1168 1748 deserniret
1191 1683 1251 1748 sibi
1275 1687 1405 1766 propter
1426 1683 1562 1762 turbam,
1587 1703 1628 1752 ne

325 1807 397 1853 eum
413 1787 666 1870 comprimerent.
693 1790 740 1853 10.
759 1787 879 1852 Multos
894 1789 979 1852 enim
993 1787 1134 1868 curabat,
1150 1787 1195 1854 ita
1211 1797 1247 1852 ut
1262 1789 1428 1854 inruerent
1443 1790 1474 1853 in
1491 1807 1574 1868 eum,
1591 1796 1628 1853 ut

326 1893 414 1958 illum
427 1895 606 1973 tangerent,
620 1892 809 1974 quicumque
821 1891 982 1956 habebant
995 1890 1114 1974 plagas.
1127 1895 1175 1959 ll.
1190 1889 1251 1958 Sed
1264 1899 1296 1958 et
1309 1892 1440 1974 spiritus
1461 1893 1626 1972 immundi,

326 2016 397 2062 cum
422 1999 572 2062 uiderent
593 1997 693 2074 illum,
719 1997 935 2080 procedebant
958 2001 1031 2061 ante
1049 1999 1077 2062 ei
1102 2003 1134 2062 et
1157 1997 1337 2062 clamabant
1360 1998 1518 2064 dicentes:
1565 1997 1627 2063 Hic

326 2106 376 2168 est
398 2100 482 2166 iilius
505 2101 566 2166 dei.
594 2105 642 2166 12.
668 2102 710 2166 Et
733 2102 922 2186 increpabat
945 2101 1026 2180 illos,
1050 2121 1091 2166 ue
1117 2120 1188 2166 eum
1204 2101 1455 2180 manifestarent,
1479 2103 1626 2182 quonium

325 2206 470 2271 sciebant
492 2224 575 2270 eurrr.
602 2207 651 2270 13.
677 2206 860 2272 dscendens
883 2212 992 2271 autern
1016 2207 1047 2272 in
1073 2213 1221 2284 orontem,
1246 2208 1374 2271 uocauit
1398 2208 1438 2270 ad
1462 2225 1507 2284 se,
1543 2225 1624 2288 quos

326 2311 429 2376 uoluit
452 2313 529 2391 ipso,
554 2318 586 2376 et
609 2317 767 2376 uenerunt
789 2311 828 2376 ad
844 2311 942 2377 illum.
973 2315 1019 2378 14.
1045 2311 1086 2375 lit
1109 2311 1187 2376 lecit
1210 2311 1294 2392 xil,
1318 2317 1354 2376 ut
1377 2329 1484 2375 secum
1508 2317 1626 2390 essent,

325 2422 362 2480 ut
384 2417 526 2481 mitteret
548 2434 604 2481 eos
627 2417 814 2497 praedicare
837 2415 1048 2498 euangelium.
1084 2397 1138 2480 ⁹15.
1165 2415 1207 2480 Et
1230 2417 1321 2480 dedit
1345 2415 1408 2480 illis
1432 2419 1625 2496 potestatem

326 2521 457 2586 curandi
480 2520 682 2586 ualetudines
705 2526 739 2585 et
761 2523 865 2585 eicere
888 2521 1064 2586 daemonia
1092 2523 1140 2586 16.
1167 2519 1209 2585 Et
1232 2521 1383 2602 imposuit
1416 2517 1534 2584 Simoni
1570 2541 1626 2586 no-

325 2643 395 2691 meu
420 2625 543 2702 Petrus,
569 2629 602 2688 et
614 2623 768 2691 Jacobum
794 2625 962 2708 Zebedaei,
987 2641 1019 2690 et
1040 2623 1207 2690 Jobsnnen
1232 2625 1363 2690 fratrem
1388 2623 1509 2706 iacobi,
1535 2643 1621 2689 com·

327 2731 840 2796 1011101001οω000101111100
871 2731 1063 2812 Bnaoerges,
1099 2730 1182 2812 quud
1216 2736 1265 2795 001
1298 2729 1355 2794 lilii
1392 2728 1535 2794 tonitrui.
1573 2731 1623 2795 18.

327 2835 427 2900 Erant
448 2841 554 2900 autem
580 2835 628 2901 bi:
653 2833 761 2901 Simon
785 2841 818 2900 et
840 2835 995 2915 Andreas,
1029 2832 1170 2900 Jacobus
1193 2819 1423 2913 eliciendos,
1458 2833 1626 2917 Philippus

326 2945 359 3005 01
382 2941 613 3018 Bartolomeus‚
648 2940 812 3006 Mattheus
841 2944 875 3004 et
904 2939 1052 3019 Thomas,
1088 2937 1626 3019 11001001101010110110000,

327 3046 433 3111 Simon
457 3044 628 3111 Capaneus
676 3046 724 3111 19.
761 3043 918 3108 etludas
943 3042 1456 3124 51011011,011110111111111011.
1503 3042 1625 3107 211111

329 3150 555 3214 001111101011
587 3151 618 3213 iu
655 3149 779 3213 domum
804 3153 837 3213 et
859 3148 1011 3213 conuenit
1031 3148 1134 3227 turbs,
1172 3150 1217 3212 ita
1251 3154 1286 3211 ut
1320 3166 1380 3211 non
1414 3152 1545 3229 possent
1568 3166 1626 3213 nec

326 3272 440 3334 panem
464 3255 592 3335 quidem
617 3255 818 3319 manducare.
858 3256 909 3318 21.
935 3254 1027 3331 Quod
1052 3260 1086 3318 ut
1109 3253 1278 3316 audierunt
1302 3253 1341 3317 dc
1365 3252 1419 3316 illo
1443 3250 1570 3319 scribae
1593 3258 1627 3317 et

326 3360 454 3435 caeteri,
478 3359 625 3423 exierunt
648 3363 684 3423 ut
707 3362 852 3423 tenerent
876 3358 974 3437 illum,
999 3356 1147 3422 dicebant
1176 3355 1260 3423 enim
1284 3357 1432 3439 quoniam
1467 3358 1627 3423 exsentiat

325 3482 391 3528 eos.
415 3464 466 3527 22.
492 3462 536 3526 Et
558 3462 684 3527 scribae
708 3462 761 3542 qui
786 3463 826 3525 ab
844 3460 1075 3545 Hierosolymis
1100 3462 1340 3543 descenderant,
1364 3462 1514 3527 dicebant
1538 3464 1625 3543 quod

324 3567 467 3633 belsebul
491 3567 596 3643 babet,
629 3567 804 3650 principem
835 3567 1081 3645 daemoniorum,
1115 3571 1150 3631 et
1184 3584 1241 3649 per
1274 3567 1363 3631 illum
1395 3566 1527 3649 expellit
1550 3568 1624 3633 dae-

326 3674 440 3737 monia.
465 3676 516 3739 23.
541 3674 583 3738 Et
607 3673 795 3737 conuocauit
818 3688 873 3736 000
896 3676 930 3735 01
953 3673 997 3736 alt
1020 3670 1116 3737 Jesus
1139 3671 1169 3735 iu
1194 3672 1371 3755 parabolis:
1396 3673 1554 3754 quomodo
1568 3690 1624 3752 po-

326 3782 390 3843 test
413 3783 540 3844 satanas
570 3783 703 3845 satanan
727 3778 911 3859 expellere?
946 3779 996 3843 24.
1022 3776 1085 3843 iit:
1118 3776 1144 3842 si
1175 3795 1306 3858 regnum
1338 3776 1370 3841 in
1394 3796 1428 3842 se
1451 3776 1624 3853 diuidatur,

327 3901 389 3948 non
413 3887 519 3963 potest
541 3888 637 3947 stare.
670 3882 720 3947 25.
745 3882 804 3946 Et:
828 3883 854 3947 01
880 3881 992 3946 domus
1015 3884 1047 3946 in
1070 3882 1244 3963 semetipsa
1260 3882 1434 3957 diuidatur,
1458 3886 1544 3947 sture
1560 3899 1623 3945 non

326 3993 431 4068 potest
453 3988 565 4053 domus
589 3987 652 4051 illa.
677 3988 728 4052 26.
753 3988 812 4051 Et:
837 3987 863 4051 01
887 3992 1016 4052 satanas
1040 3992 1172 4053 satanan
1196 3987 1282 4069 eicit,
1307 3987 1497 4070 dispertitus
1520 3986 1552 4049 in
1575 4004 1622 4067 se,

325 4113 387 4159 oon
410 4093 529 4174 poterit
551 4100 636 4157 stare
660 4110 792 4173 reguum
817 4092 897 4157 eius.
922 4094 973 4156 27.
999 4090 1097 4156 Nemo
1123 4094 1228 4175 potest
1251 4108 1330 4155 uasn
1346 4092 1426 4169 eius,
1450 4088 1505 4171 qui
1529 4089 1623 4155 tortis

325 4203 384 4279 est,
410 4198 550 4279 diripere
573 4198 737 4278 ingressus
761 4199 792 4261 in
816 4197 953 4275 domum,
979 4198 1038 4263 0101
1066 4196 1153 4278 prius
1176 4195 1280 4278 ipsum
1303 4194 1416 4260 fortem
1430 4194 1622 4275 alligauerit,

323 4308 357 4367 et
379 4306 456 4366 tuuc
480 4302 839 4383 duiliumeiusdiripiet.
865 4303 916 4365 28.
942 4303 1040 4367 Amen
1065 4302 1137 4367 dico
1161 4301 1263 4379 uobis,
1288 4301 1373 4381 qnod
1389 4302 1494 4365 urunia
1517 4298 1623 4363 dimit·

324 4414 433 4473 tentur
455 4405 530 4471 liliis
563 4406 723 4472 hominnm
747 4413 880 4487 peccata
902 4412 935 4471 et
958 4406 1190 4487 blasphemiam
1237 4407 1288 4472 29.
1320 4404 1371 4486 qui
1403 4409 1508 4469 antem
1539 4402 1623 4469 blas-

323 4512 523 4595 plremauerit
546 4512 694 4593 spiritum
718 4516 875 4585 sanetum,
899 4528 961 4575 uon
984 4509 1082 4576 babet
1105 4511 1335 4589 remissionem,
1374 4509 1430 4573 sed
1464 4526 1538 4573 1000
1571 4513 1624 4573 001

324 4620 446 4682 aeterni
470 4617 589 4683 delicti.
636 4619 687 4682 30.
720 4618 802 4693 Quia
833 4615 983 4681 dicebant
1006 4634 1076 4680 eum
1101 4616 1250 4697 spiritum
1274 4614 1468 4679 immundum
1492 4611 1622 4677 babere.

325 4724 376 4787 31.
401 4723 443 4787 st
466 4724 555 4787 uenit
577 4727 679 4787 mater
702 4722 771 4785 eius
794 4724 827 4784 et
849 4719 967 4785 iratres
991 4721 1060 4785 eius
1084 4720 1225 4799 lorisque
1248 4724 1380 4798 stantes,
1405 4720 1560 4783 miserunt
1581 4716 1622 4782 ad

326 4829 416 4893 illum
441 4836 591 4893 uocantes
616 4844 697 4900 eum,
742 4828 794 4891 32.
827 4830 860 4890 01
890 4826 1022 4891 sedebat
1053 4826 1093 4890 ad
1124 4825 1213 4890 illum
1244 4826 1346 4902 turba,
1378 4830 1411 4890 et
1442 4824 1552 4889 dicunt
1574 4824 1622 4889 ei:
