3625 5775
326 500 389 566 106
713 493 895 564 Euangelinm
916 491 1065 550 secundnm
1085 494 1233 550 Lucanum.
1535 497 1562 551 C.
1584 499 1625 551 lb.

322 707 386 772 mei
410 707 576 772 abundant
599 706 745 788 panibus,
770 726 829 789 ego
852 713 959 773 autem
983 707 1129 773 lriclauue
1153 726 1259 791 pereo.
1287 710 1335 776 18.
1361 709 1493 792 Surgam
1517 715 1550 776 et
1572 711 1625 776 ibo

322 813 363 878 ad
387 816 640 896 patremmeum
674 819 708 878 et
729 812 834 878 dicam
858 812 928 878 illi:
965 819 1064 894 pater,
1099 814 1230 894 peccaui
1254 816 1285 880 in
1310 815 1434 880 caelum
1459 821 1493 880 et
1517 833 1625 881 coraur

320 921 370 994 te;
419 916 466 981 19.
491 917 552 980 iam
586 935 649 980 nou
672 935 741 982 sum
764 916 880 998 diguus
911 918 1020 982 uocari
1051 915 1138 984 filius
1169 924 1256 1000 tuus,
1288 920 1345 984 sed
1381 919 1433 986 lac
1466 939 1518 986 me
1541 920 1625 986 sicut

321 1040 418 1086 unum
441 1021 735 1087 mercennariorum
757 1028 896 1088 tuorum.
914 1021 1180 1106 20.Etsurgens,
1203 1025 1294 1090 uenit
1316 1024 1493 1106 adpatrem
1517 1041 1622 1090 suurn.

323 1125 402 1192 Cum
425 1132 533 1193 autem
556 1126 661 1191 adbuc
683 1126 777 1209 louge
799 1126 938 1204 abesset,
961 1128 1045 1192 uidit
1067 1127 1156 1193 illum
1192 1132 1283 1210 pater
1305 1131 1416 1211 ipsius,
1440 1135 1473 1194 et
1495 1129 1618 1196 miseri·

325 1231 436 1298 cordia
457 1237 563 1297 motus
586 1237 645 1313 est,
669 1237 702 1297 et
714 1232 889 1298 adcurrens
913 1231 1030 1296 cecidit
1052 1250 1150 1314 supra
1172 1233 1287 1299 collum
1311 1235 1379 1300 cius
1401 1239 1436 1299 et
1458 1234 1623 1300 osculatus

321 1342 372 1402 est
395 1337 495 1402 illum.
542 1339 594 1403 21.
619 1338 710 1402 Dixit
743 1342 849 1403 autem
873 1337 904 1403 ei
927 1335 1013 1403 filius
1036 1338 1122 1402 eius:
1153 1341 1256 1419 pater,
1289 1339 1420 1422 peccaui
1444 1340 1475 1404 in
1501 1339 1623 1406 caelum

321 1446 355 1507 et
377 1443 410 1506 iu
433 1447 486 1520 tc;
521 1443 582 1506 ium
606 1461 669 1507 non
703 1461 773 1508 euru
797 1443 915 1524 diguus
949 1443 1058 1508 uocari
1083 1440 1169 1507 lilius
1200 1448 1285 1510 tuus.
1330 1444 1623 1511 trutinantem

321 1550 416 1628 pater
439 1549 509 1612 eius
532 1546 574 1610 ad
597 1564 709 1612 seruos
732 1565 824 1613 suos:
859 1546 934 1613 (lito
958 1547 1098 1630 proferte
1130 1547 1208 1613 mihi
1232 1548 1345 1614 stolum
1376 1549 1464 1613 illum
1487 1549 1621 1631 primam

322 1657 357 1716 et
380 1651 506 1717 induite
529 1651 629 1732 illum,
653 1659 686 1718 et
707 1654 782 1718 date
804 1653 934 1718 anulum
958 1655 989 1718 iu
1006 1673 1099 1718 mauu
1123 1654 1193 1719 eius
1216 1658 1249 1721 et
1271 1654 1478 1720 calciamenta
1511 1654 1545 1718 iu
1567 1671 1622 1734 pe-

321 1757 416 1822 dibus
439 1757 527 1838 eius,
551 1759 603 1821 23.
627 1763 661 1823 et
671 1757 820 1823 adducite
851 1755 987 1823 uitulum
1011 1758 1100 1823 illum
1130 1760 1309 1839 saginatum
1332 1764 1365 1825 et
1394 1757 1529 1825 occidite
1552 1776 1623 1823 eum

320 1866 354 1926 et
376 1861 604 1928 mauducemus
628 1869 661 1928 et
684 1862 880 1945 aepulemur,
913 1865 963 1930 24.
988 1862 1063 1944 quia
1087 1863 1139 1929 hic
1162 1861 1249 1930 filius
1273 1882 1361 1929 meus
1384 1867 1529 1930 mortuus
1552 1863 1619 1928 iue-

320 1970 428 2032 rotet
451 1966 579 2051 reuixit,
617 1968 760 2050 perierat
791 1973 825 2033 et
855 1969 1007 2033 iuuentus
1037 1972 1096 2034 est.
1121 1968 1163 2034 Et
1186 1973 1364 2050 coeperunt
1386 1968 1539 2049 aepulari.
1565 1968 1616 2034 25.

320 2072 401 2138 Erat
423 2079 532 2138 autem
555 2071 639 2138 lilius
669 2073 739 2139 eiua
763 2075 869 2139 senior
899 2075 932 2138 in
955 2092 1042 2156 agre,
1078 2077 1112 2138 et
1133 2074 1251 2139 lactum
1276 2078 1327 2138 est
1349 2090 1420 2138 curn
1442 2073 1569 2138 ueniret
1590 2077 1623 2138 et

319 2176 527 2261 adpropiaret
549 2179 669 2262 domui,
693 2179 796 2243 audiit
819 2179 1038 2261 symphoniam
1052 2183 1084 2244 et
1107 2180 1231 2255 choros,
1255 2181 1306 2244 26.
1327 2183 1360 2244 et
1372 2177 1502 2244 uocauit
1525 2196 1621 2243 uuum

319 2283 361 2346 de
383 2283 490 2347 seruis
513 2288 546 2346 et
569 2284 791 2364 interrogauit,
816 2302 974 2366 quaenam
998 2283 1077 2349 baec
1101 2287 1218 2348 esseut.
1253 2284 1305 2348 27.
1338 2283 1434 2364 Isque
1468 2284 1550 2349 dixit
1572 2285 1620 2348 ei:

320 2386 402 2465 Quia
424 2386 528 2453 frater
562 2389 761 2465 tumuerit,
795 2394 829 2454 et
850 2389 967 2454 occidit
999 2395 1092 2472 puter
1125 2395 1199 2454 tuus
1222 2388 1359 2454 uitulum
1383 2387 1471 2454 illum
1495 2388 1622 2470 sagina·

319 2498 400 2571 tum,
423 2492 498 2574 quia
520 2493 647 2559 saluum
670 2493 760 2559 illum
783 2496 912 2576 recepit.
946 2496 997 2561 28.
1020 2494 1210 2576 Indignatus
1233 2498 1284 2559 est
1307 2497 1414 2559 autem
1437 2497 1470 2558 et
1492 2492 1623 2560 nolebat

318 2597 453 2662 intrare.
488 2597 585 2662 Pater
608 2616 686 2662 uero
709 2598 796 2664 illius
819 2616 968 2679 egressus
991 2598 1098 2680 coepit
1127 2617 1239 2680 rogare
1271 2598 1370 2664 illum.
1417 2599 1469 2664 29.
1492 2599 1543 2664 Ad
1566 2598 1621 2664 ille

319 2703 518 2786 respondeus
552 2703 635 2768 dixit
668 2706 750 2784 patri
774 2721 846 2768 suo:
874 2703 959 2768 Ecce
982 2707 1031 2768 tot
1060 2703 1152 2768 aunis
1182 2705 1288 2769 seruio
1311 2702 1370 2770 tibi
1393 2709 1428 2770 et
1450 2721 1621 2784 numquam

319 2809 505 2876 mandatum
528 2813 618 2874 tuum
644 2808 827 2892 praeteribi,
861 2815 895 2874 et
918 2827 1089 2891 numquam
1122 2808 1238 2876 dedisti
1262 2809 1341 2877 mibi
1365 2859 1373 2874 .
1397 2855 1404 2872 .
1430 2859 1437 2874 .
1462 2859 1470 2874 .
1493 2814 1526 2873 et
1550 2825 1619 2872 cum

320 2916 432 2981 amicis
455 2914 534 2981 ureis
567 2916 746 2997 aepularer.
770 2916 822 2979 30.
846 2913 910 2979 Sed
934 2921 1105 2997 postquam
1137 2914 1223 2981 filius
1246 2922 1321 2983 tuus
1345 2916 1407 2995 hic,
1443 2914 1497 2996 qui
1520 2915 1619 2980 deuo-

321 3020 408 3085 rauit
441 3020 655 3087 substantiam
690 3038 761 3086 curn
784 3022 1019 3098 meretricibus,
1053 3021 1143 3085 uenit
1178 3022 1211 3083 et
1243 3022 1388 3087 occidisti
1412 3020 1459 3086 illi
1483 3020 1619 3085 uitulum

319 3125 411 3191 illum
435 3126 624 3207 saginatum.
650 3125 702 3189 31.
726 3124 770 3189 Et
792 3124 862 3205 ipse
874 3125 955 3189 dixit
977 3124 1041 3189 illi:
1073 3124 1145 3207 Fili,
1169 3129 1203 3189 tu
1235 3144 1358 3191 mecum
1381 3143 1508 3207 semper
1529 3122 1619 3191 fuisti

319 3234 353 3295 et
377 3249 421 3310 es,
445 3234 479 3295 et
502 3230 609 3295 omniu
632 3248 703 3293 mea
724 3233 780 3294 tua
814 3234 898 3308 aunt,
933 3230 985 3293 32.
1009 3228 1154 3311 aepulari
1188 3234 1296 3295 autem
1332 3249 1389 3296 noe
1423 3235 1456 3294 et
1478 3232 1620 3313 gaudere

318 3340 453 3417 oportet,
485 3333 571 3415 quod
603 3333 704 3398 irater
727 3338 803 3400 tuus
834 3332 888 3399 bic
910 3340 1055 3399 mortuus
1085 3334 1193 3399 fuerat
1216 3341 1248 3399 et
1271 3335 1398 3413 reuixit,
1423 3336 1564 3416 perierat
1587 3338 1621 3399 et

319 3441 469 3506 iuuentus
492 3444 549 3506 est.

402 3646 522 3717 xvi.
549 3653 578 3714 1.
603 3648 738 3713 Dicebat
761 3654 867 3713 autem
891 3650 931 3713 ad
957 3649 1132 3731 discipulos
1156 3666 1247 3717 suos:
1272 3649 1374 3715 Homo
1398 3649 1525 3731 quidam
1549 3651 1620 3715 erat

323 3755 426 3834 diues,
450 3756 502 3837 qui
525 3753 664 3819 habebat
686 3752 828 3831 uilicum,
852 3757 884 3818 ct
907 3753 959 3820 bic
982 3754 1164 3821 diffamatus
1198 3761 1268 3821 erat
1291 3761 1369 3837 aput
1391 3752 1490 3838 illum,
1525 3754 1618 3834 quasi

317 3859 508 3941 dissipasset
531 3861 614 3926 bona
636 3860 717 3924 eius.
741 3858 770 3924 2.
794 3857 838 3922 Et
861 3860 990 3924 uocauit
1013 3859 1155 3925 illumad
1179 3866 1269 3926 sect
1293 3862 1339 3926 ait
1360 3860 1426 3924 illi:
1451 3858 1534 3938 Quid
1558 3858 1619 3924 boc

318 3965 413 4029 audio
437 3965 478 4029 de
499 3968 542 4043 te,
580 3964 677 4029 redde
713 3963 868 4028 rationem
891 3963 1086 4030 uilicutiouis
1109 3974 1199 4042 tuac;
1225 3966 1287 4031 iam
1303 3965 1387 4031 enim
1410 3982 1472 4029 uon
1496 3964 1618 4044 poteris

240 4099 242 4101 v
320 4067 462 4133 uilicare.
486 4070 516 4132 3.
541 4068 598 4132 Ait
620 4073 728 4133 autem
763 4067 877 4133 uilicus
901 4070 986 4133 iutra
1010 4086 1060 4135 se:
1093 4068 1178 4146 Quid
1199 4068 1326 4148 lucium,
1361 4068 1436 4150 quia
1470 4066 1618 4133 dominus

316 4191 408 4239 meus
441 4172 568 4238 auferet
592 4190 611 4237 a
633 4192 683 4238 ure
705 4172 936 4253 uilieatiuuem,
972 4172 1082 4240 ludere
1120 4192 1181 4239 nou
1205 4173 1307 4252 uulso,
1340 4173 1525 4240 mendicare
1546 4189 1618 4237 eru-

315 4277 422 4342 besco.
455 4278 487 4341 4.
513 4273 664 4358 Cognoui,
697 4278 774 4358 quid
798 4278 925 4356 luciam,
958 4284 995 4342 ut
1017 4296 1088 4343 cum
1111 4283 1236 4345 amotus
1266 4277 1355 4343 luero
1380 4296 1398 4342 a
1420 4275 1616 4355 uilieatiuue,

316 4382 474 4464 recipiant
496 4400 546 4445 me
569 4382 603 4447 in
627 4383 737 4449 domos
759 4401 844 4449 suas.
891 4385 922 4450 5.
947 4380 1141 4449 Gouuocutis
1164 4383 1276 4465 itaque
1307 4382 1444 4464 singulis
1467 4381 1618 4447 debitori-

315 4484 375 4551 bus
399 4486 519 4551 domiui
543 4487 606 4566 sui,
628 4485 755 4552 dicebat
779 4488 899 4567 primo:
924 4489 1084 4566 Quantum
1108 4487 1206 4553 debes
1229 4488 1358 4555 domino
1381 4488 1476 4551 meo?
1510 4488 1539 4553 6.
1565 4488 1614 4553 Ad

315 4591 370 4656 ille
393 4590 495 4658 dixit:
520 4597 646 4656 centum
668 4592 784 4656 uathos
807 4592 881 4659 oloi.
906 4592 996 4658 Dixit
1020 4598 1126 4660 autem
1150 4592 1218 4658 illi:
1250 4593 1368 4673 Accipe
1391 4592 1522 4658 litteras
1543 4596 1616 4658 tuas

313 4701 347 4760 et
368 4696 445 4761 sede
467 4696 532 4761 cito
556 4695 676 4762 scribe:
700 4698 937 4779 quinquaginta.
963 4701 991 4765 7.
1018 4697 1141 4764 Deinde
1165 4696 1229 4763 alio
1252 4698 1351 4763 dixit:
1376 4698 1434 4777 Tu,
1459 4701 1614 4779 quantum

315 4801 435 4867 debes?
469 4802 540 4867 Ait:
577 4798 711 4867 Cortum
734 4800 849 4867 choros
872 4803 983 4869 tritici.
1019 4805 1074 4870 Ait
1096 4808 1128 4869 et
1153 4802 1220 4869 illi:
1253 4804 1370 4887 decipe
1393 4804 1519 4869 litteras
1542 4810 1615 4870 tuas
