3625 5775
204 552 232 613 0·
252 562 276 611 6.
591 556 772 629 Euangelium
791 558 942 616 secundum
962 558 1126 616 Jobanucm.
1467 562 1510 632 53

203 770 255 833 liic
279 770 371 834 dicit:
411 771 559 852 quoniam
584 771 624 836 de
649 772 735 836 caelo
760 771 936 837 descendi?
980 775 1033 839 43.
1057 768 1234 853 Respondit
1257 792 1332 854 ergo
1356 773 1454 840 lesus
1476 781 1509 840 et

205 876 285 939 dixit
308 878 372 940 eis:
411 876 520 940 Nolite
550 894 749 941 murmurare
781 878 865 941 iuter
895 891 969 955 uos3
994 879 1057 943 44.
1088 897 1181 943 uemo
1204 884 1310 962 potest
1333 880 1444 943 uenire
1468 882 1509 944 ad

202 998 264 1059 me,
287 979 349 1044 nisi
372 984 474 1061 pater,
498 983 551 1063 qui
576 1000 625 1045 me
648 982 746 1060 misit,
771 982 950 1047 adtraxerit
972 1000 1055 1061 euru,
1080 988 1112 1047 et
1136 1002 1194 1065 ego
1218 984 1419 1048 resuscitabo
1435 1003 1507 1049 eum

202 1086 235 1149 in
259 1086 432 1150 nouissima
455 1085 515 1152 die.
538 1086 591 1151 45.
616 1086 778 1169 Scriptum
802 1090 852 1151 est
875 1087 958 1151 enim
982 1089 1015 1152 in
1039 1088 1213 1169 propbeta:
1238 1089 1282 1153 Et
1293 1092 1388 1153 erunt
1399 1107 1508 1155 omncs

205 1189 360 1255 docibiles
384 1191 445 1255 dei.
471 1190 598 1268 Omnes,
624 1194 677 1273 qui
692 1192 782 1256 audit
807 1198 933 1272 epatre
957 1197 990 1256 et
1013 1192 1172 1270 didicerit,
1195 1193 1284 1258 uenit
1307 1194 1347 1257 ad
1369 1212 1430 1259 me.
1454 1195 1507 1260 46.

203 1294 272 1359 Non
305 1295 389 1376 quod
421 1301 544 1376 patrem
575 1296 694 1361 uiderit
725 1298 905 1378 quisquam,
943 1297 1005 1362 nisi
1029 1296 1083 1379 qui
1107 1303 1158 1361 est
1190 1299 1304 1374 adeo,
1341 1298 1393 1361 hic
1417 1298 1508 1362 uidet

204 1400 308 1463 deum.
355 1400 407 1464 47.
441 1401 552 1477 Α555,
586 1418 676 1465 5555
709 1401 779 1466 dico
804 1402 911 1468 uobis:
947 1404 1000 1483 qui
1025 1402 1127 1467 credit
1150 1402 1182 1465 iu
1205 1420 1264 1481 me,
1288 1401 1387 1465 babet
1408 1403 1506 1466 uitam

202 1508 375 1568 aeternam.
400 1506 450 1569 48.
476 1505 543 1586 Ego
568 1522 638 1569 sum
662 1507 753 1586 panis
778 1507 874 1571 uitae.
898 1507 950 1571 49.
975 1508 1088 1572 Patres
1112 1508 1211 1571 uestri
1233 1506 1508 1571 manducaueruut

205 1628 316 1691 panem
342 1608 373 1672 in
397 1608 526 1674 deserto
550 1628 698 1675 mannam
723 1616 755 1673 et
779 1612 894 1675 mortui
918 1618 1000 1676 suut,
1028 1612 1081 1677 50.
1105 1609 1166 1675 Hic
1188 1615 1239 1675 est
1261 1613 1364 1692 panis,
1388 1610 1443 1691 qni
1467 1610 1507 1673 de

204 1714 293 1778 caelo
325 1713 501 1791 descendit,
537 1719 582 1791 ut,
614 1715 641 1777 si
673 1714 744 1797 quis
768 1732 868 1781 exeo
894 1716 1143 1795 manducaberit,
1167 1736 1229 1781 noo
1253 1717 1415 1794 moriatur,
1450 1717 1507 1780 aed

205 1818 302 1884 uiuat.
349 1822 400 1885 51.
425 1818 494 1899 Ego
513 1838 581 1883 555
606 1820 697 1901 panis
721 1821 827 1897 uiuus,
851 1823 904 1902 qui
929 1821 971 1885 de
993 1820 1082 1886 caelo
1106 1822 1266 1887 descendi.
1301 1822 1354 1886 52.
1377 1821 1411 1885 Si
1434 1820 1507 1901 quis

201 1925 441 1990 manducauerit
465 1942 503 1987 ex
527 1942 564 1988 eo
588 1942 680 2007 pane,
705 1924 796 1989 uiuet
819 1928 851 1989 in
865 1930 1040 2001 aeternum,
1064 1927 1155 2006 panis
1178 1943 1271 2008 quem
1296 1944 1355 2008 ego
1372 1925 1502 2003 dedero,

202 2046 275 2093 caro
309 2048 381 2093 inea
414 2034 464 2094 est
493 2048 550 2110 pro
582 2029 679 2093 huius
701 2028 809 2093 mundi
836 2029 911 2094 uita.
957 2030 1009 2096 53.
1034 2029 1221 2111 Litigabaut
1243 2030 1342 2111 igitur
1364 2031 1449 2094 iuter
1470 2049 1505 2094 se

201 2126 317 2197 ludaei
341 2134 501 2198 diceutes:
539 2133 704 2209 Quomodo
734 2138 841 2215 potest
864 2135 915 2199 bic
938 2136 1030 2200 uobis
1055 2136 1132 2199 dare
1155 2153 1283 2199 carnem
1304 2154 1394 2199 suam
1418 2153 1504 2199 man·

201 2238 346 2302 ducare?
392 2240 444 2303 54.
469 2238 560 2303 Dixit
583 2244 689 2301 autem
712 2238 760 2302 eis
783 2237 896 2303 lesus:
933 2242 1044 2319 Amen,
1080 2258 1172 2303 amen
1196 2240 1267 2304 dico
1290 2240 1399 2305 uobis:
1434 2239 1504 2305 Nisi

201 2342 332 2407 ederitis
356 2362 482 2408 caruem
506 2340 551 2407 fili
574 2342 711 2407 hominis
736 2348 768 2406 et
782 2342 929 2408 biberitis
953 2345 1138 2427 sanguinem
1164 2345 1244 2423 eius,
1268 2343 1505 2409 nonhabebitis

201 2448 300 2512 uitam
324 2447 356 2511 in
379 2448 480 2512 uobis.
520 2446 570 2512 55.
598 2446 658 2524 Qui
683 2447 821 2511 ediderit
845 2467 973 2512 caruem
998 2468 1098 2513 meam
1122 2454 1156 2513 et
1178 2449 1296 2513 biberit
1317 2448 1505 2531 sanguinem

200 2568 315 2628 meum,
339 2551 472 2617 babebit
494 2552 591 2616 uitam
617 2555 791 2629 aeternam,
816 2560 849 2618 et
871 2572 929 2635 ego
954 2554 1150 2621 resuscitabo
1171 2554 1260 2619 illum
1280 2554 1313 2618 in
1329 2554 1505 2620 nouissima

201 2658 261 2721 die.
308 2659 359 2721 56.
393 2654 475 2721 Coro
507 2675 575 2721 mea
607 2674 686 2720 uere
710 2661 760 2721 est
783 2676 865 2737 esca,
900 2663 935 2723 et
958 2660 1089 2743 sanguis
1111 2678 1202 2724 meus
1225 2678 1303 2723 uere
1326 2665 1378 2724 est
1399 2664 1504 2741 potus.

200 2762 252 2827 57.
297 2761 357 2839 Qui
403 2762 469 2825 edit
503 2780 628 2825 carnem
663 2780 765 2825 meam
801 2766 834 2827 et
876 2763 959 2828 bibit
1001 2764 1188 2845 sauguinem
1226 2782 1340 2842 meum,
1385 2763 1420 2827 in
1454 2782 1505 2827 me

200 2872 308 2930 manet
344 2871 377 2931 et
406 2885 465 2947 ogo
504 2867 536 2931 iu
575 2884 655 2930 eum.
703 2867 753 2934 58.
794 2866 884 2932 Sicut
922 2868 1011 2934 misit
1045 2889 1095 2932 me
1127 2870 1222 2934 uiuus
1252 2872 1344 2950 pater
1381 2874 1415 2934 et
1445 2886 1505 2951 ego

200 2973 275 3036 uiuo
315 2991 372 3054 per
408 2978 542 3053 patrem,
587 2978 620 3037 ot
665 2973 717 3054 qui
765 2973 1006 3038 manducauerit
1052 2991 1178 3037 caruem
1224 2991 1325 3037 meam
1367 2978 1401 3038 et
1436 2973 1505 3056 ipse

199 3077 282 3142 uiuit
305 3097 361 3158 per
384 3095 443 3140 me.
482 3076 534 3142 59.
560 3075 621 3142 Hic
645 3086 695 3142 est
719 3078 819 3160 panis,
849 3077 904 3158 qui
927 3078 968 3142 de
991 3075 1079 3142 caelo
1103 3077 1279 3143 descendit.
1326 3077 1396 3142 Nou
1419 3078 1504 3144 sicut

200 3183 475 3247 manducaueruot
497 3186 605 3262 patres
630 3183 731 3246 uestri
754 3200 869 3246 manua
893 3185 1055 3248 etmortui
1078 3189 1162 3248 sunt.
1189 3181 1250 3258 Qui
1275 3201 1352 3248 uero
1375 3185 1504 3249 manda·

200 3287 322 3352 canerit
357 3287 440 3352 bunc
475 3305 598 3369 panem,
638 3288 720 3352 uiuit
756 3287 787 3350 in
811 3291 988 3351 aeternum.
1034 3289 1085 3353 60.
1111 3287 1201 3353 Η555
1223 3306 1299 3368 ergo
1323 3287 1450 3353 dicebat
1473 3291 1504 3353 iu

199 3411 362 3476 synagoga
384 3393 501 3458 doceas
523 3393 557 3456 in
583 3391 784 3458 cafarnaum.
820 3393 869 3456 61.
896 3391 990 3456 blulti
1013 3412 1089 3474 ergo
1113 3413 1150 3457 ex
1175 3392 1340 3474 discipulis
1366 3394 1436 3472 eius
1457 3395 1505 3458 di·

200 3503 329 3563 xerunt:
354 3497 462 3563 Durus
486 3503 535 3562 est
548 3499 600 3562 hic
616 3516 730 3576 sermo,
754 3497 826 3578 quis
843 3501 955 3577 potest
966 3517 1035 3562 eum
1053 3499 1187 3562 audire?
1210 3498 1262 3564 62.
1279 3498 1389 3564 Sciens
1405 3499 1505 3579 igitur

197 3603 295 3670 lesus
317 3621 415 3684 penes
438 3621 483 3682 se,
519 3604 594 3684 quia
617 3609 852 3666 murmurarent
887 3603 927 3666 de
950 3602 1011 3667 boc
1035 3602 1195 3682 discipuli,
1221 3603 1301 3667 dixit
1323 3603 1388 3668 eis:
1435 3603 1505 3669 Hoc

198 3727 256 3774 uos
281 3709 499 3774 scandalizat?
545 3710 595 3774 63.
631 3708 713 3784 Quid
745 3707 772 3771 si
796 3706 947 3771 uiderltis
982 3705 1081 3770 filiam
1106 3707 1243 3771 hominis
1266 3708 1502 3788 ascendentem,

198 3814 254 3878 ubl
278 3813 341 3878 luit
357 3815 469 3894 prius?
493 3816 542 3880 64.
568 3813 706 3894 Spiritus
730 3819 789 3891 est,
814 3813 867 3894 qui
888 3809 1040 3890 uiuificat,
1063 3829 1135 3875 nam
1152 3830 1226 3876 caro
1252 3811 1329 3876 nihil
1355 3814 1503 3894 prodest;

197 3920 305 3996 uerba,
341 3937 421 4000 quae
445 3939 503 4000 ego
527 3919 651 3983 locutus
676 3936 744 3982 aum
770 3918 870 3994 uobis,
897 3917 1032 3998 spiritus
1056 3922 1106 3980 cst
1130 3922 1163 3980 et
1185 3918 1262 3980 uita.
1298 3916 1349 3982 65.
1375 3917 1438 3984 Sed
1462 3939 1501 3985 ex

198 4024 291 4089 uobis
325 4029 400 4088 sunt
424 4023 564 4106 quidam,
602 4025 654 4105 qui
679 4043 741 4086 555
766 4025 907 4088 creduut.
957 4023 1085 4087 Sciebat
1107 4023 1191 4087 euim
1216 4022 1256 4086 ab
1279 4023 1373 4088 initio
1396 4023 1534 4122 lesus,-

198 4130 252 4210 qui
287 4134 395 4194 essent
427 4129 585 4193 increduli
620 4129 747 4210 etquis
778 4133 864 4194 esset
889 4129 1068 4192 traditurus
1093 4147 1173 4192 eum.
1219 4131 1270 4192 66.
1295 4129 1338 4194 Et
1360 4130 1502 4196 dicebat:

197 4237 328 4314 propter
351 4233 410 4298 hoc
433 4233 498 4296 dixi
512 4234 613 4308 uobis
638 4235 713 4316 quia
736 4253 827 4298 nemo
855 4239 961 4315 potest
985 4235 1095 4299 uenire
1118 4235 1231 4315 adme,
1256 4235 1318 4298 uisi
1342 4233 1371 4297 ei
1390 4235 1504 4300 datum

197 4337 294 4400 fuerit
327 4345 469 4419 aputre.
517 4339 567 4404 67.
604 4339 654 4403 Ex
689 4339 748 4403 boc
772 4357 848 4420 5555
879 4338 971 4401 multi
994 4355 1033 4401 ex
1057 4337 1224 4419 discipulis
1260 4339 1331 4404 eius
1354 4337 1504 4403 abierunt

152 4524 157 4533 .
197 4447 292 4520 retro,
315 4445 411 4506 etiam
435 4462 505 4508 cum
529 4461 566 4507 eo
596 4442 659 4507 iam
683 4461 746 4507 nou
769 4443 984 4507 ambulabant.
1017 4444 1067 4508 68.
1094 4443 1182 4507 llirit
1204 4447 1311 4506 autem
1335 4441 1433 4506 lesus
1458 4445 1500 4506 ad

198 4545 287 4611 lili:
327 4544 489 4628 Numquid
524 4555 556 4612 et
591 4563 648 4611 uos
684 4548 781 4612 uultis
817 4548 888 4611 ire?
935 4548 985 4612 69.
1010 4546 1219 4626 Respondeas
1255 4557 1359 4612 autern
1395 4547 1502 4612 Simon

197 4650 311 4716 Petrus
335 4651 432 4716 dixit:
457 4653 593 4731 domine,
618 4652 656 4716 ad
689 4670 781 4732 quem
807 4651 946 4716 ibimus?
984 4652 1082 4716 uerba
1106 4648 1191 4716 uitae
1216 4657 1366 4717 aeternae
1389 4652 1499 4719 babes.

198 4755 248 4819 70.
283 4755 326 4820 Et
344 4741 412 4820 'uos
445 4757 602 4823 credimus
637 4763 669 4820 et
693 4758 912 4838 cognouiruus,
949 4757 1097 4837 quoniam
1121 4762 1154 4820 tu
1180 4777 1214 4821 es
1236 4755 1322 4821 filius
1346 4757 1410 4824 655
1453 4761 1502 4828 ll.

198 4857 374 4942 Respondit
408 4859 520 4926 lesus:
567 4861 678 4926 Nonne
711 4881 770 4942 ego
807 4880 865 4926 uos
889 4861 951 4925 ΧΠ
975 4863 1068 4943 elegi,
1107 4881 1189 4937 5555
1212 4869 1318 4940 tameo
1350 4883 1390 4928 ex
1412 4864 1503 4930 uobis
