3625 5775
318 516 362 578 !ls)
697 514 879 583 Euangelinnr
897 518 1048 568 secundnm
1069 514 1221 571 Lucanum.
1550 514 1578 565 G.
1601 514 1616 564 'l

314 723 522 806 praeparauit
551 725 635 789 uiam
667 728 754 788 tuam
786 728 859 789 ante
881 730 924 789 te.
962 727 1012 790 28.
1037 725 1116 789 Dico
1140 730 1244 791 autem
1270 726 1375 789 uobis:
1409 724 1510 789 Maior
1533 726 1618 789 inter

313 833 406 893 natos
432 829 603 893 mulierum
632 827 779 892 iohanne
810 829 959 908 Baptista
990 847 1082 894 uerno
1104 833 1163 893 est.
1200 828 1281 893 Nam
1304 828 1359 910 qui
1381 830 1488 894 minor
1510 835 1560 892 est
1582 829 1616 892 in

313 950 412 1013 regno
436 933 497 1011 dei,
522 932 624 997 maior
647 938 698 997 est
721 933 784 996 illo.
808 934 860 999 29.
884 933 928 997 Et
950 934 1053 998 omnis
1073 934 1210 1015 populus
1233 933 1378 1009 audiens,
1397 940 1431 999 et
1455 933 1615 1014 publicani

313 1084 370 1101 ...
395 1042 534 1101 suerunt
556 1037 650 1101 deum
673 1036 827 1119 baptizati
850 1037 1041 1119 baptismum
1059 1038 1225 1103 Johauuis.
1250 1040 1303 1104 30.
1327 1036 1492 1103 Pharisaei
1508 1044 1617 1103 autern

314 1148 347 1206 et
369 1142 548 1223 legisperiti
571 1142 738 1207 consilium
770 1141 821 1206 dei
844 1148 1059 1223 spraeuerunt
1083 1144 1113 1206 in
1137 1144 1327 1223 semetipsos
1362 1159 1425 1205 non
1448 1142 1616 1221 baptizati.

314 1249 365 1311 31.
392 1244 451 1310 Cui
475 1245 595 1312 similes
618 1246 721 1309 dicam
745 1264 823 1325 ergo
853 1246 997 1311 homines
1020 1246 1114 1311 huius
1137 1246 1376 1325 generationis?
1411 1248 1461 1313 32.
1494 1244 1616 1310 similes

315 1355 390 1415 sunt
413 1351 521 1431 pueris
544 1350 695 1415 sedentes
718 1350 750 1413 in
769 1348 839 1414 loro
854 1356 889 1413 at
905 1349 1070 1431 loquentes
1093 1351 1133 1414 ad
1158 1352 1293 1415 inuicem
1310 1350 1471 1416 dicentes:
1496 1348 1613 1415 Canta·

316 1455 421 1520 uimus
443 1454 536 1519 uobis
559 1459 593 1518 et
615 1471 678 1519 non
705 1453 866 1526 saltastis;
901 1453 1143 1519 lamentauimns
1174 1454 1275 1531 uobis,
1306 1460 1338 1519 et
1369 1474 1431 1519 nou
1454 1454 1615 1536 plorastis.

316 1561 367 1625 33.
393 1559 492 1623 erit
515 1558 597 1623 euim
621 1557 787 1622 lohannes
811 1558 966 1640 Baptista,
1000 1577 1103 1639 neque
1126 1561 1331 1639 manducans,
1356 1576 1460 1639 neque
1483 1558 1615 1636 bibens;

315 1667 349 1727 et
373 1663 497 1728 dicitis:
521 1662 723 1728 daemonium
749 1663 855 1728 habet.
889 1663 941 1727 34.
977 1662 1076 1728 Uanit
1098 1662 1180 1729 filius
1206 1663 1340 1729 hominis
1363 1665 1559 1729 manducans
1581 1670 1617 1727 et

316 1767 437 1847 bibens,
454 1773 488 1832 et
510 1768 633 1834 dicitis:
659 1768 743 1833 Ecce
758 1766 852 1832 homo
868 1767 1038 1833 deuorator
1054 1774 1087 1833 et
1103 1767 1213 1833 bibens
1231 1771 1350 1846 uinum,
1375 1768 1613 1850 publicanorum

317 1878 352 1937 ot
375 1880 575 1953 peccatorum
606 1874 736 1937 amicus.
772 1875 823 1939 35.
855 1873 898 1936 Et
925 1870 1096 1938 iustificata
1125 1879 1175 1939 est
1212 1874 1370 1955 sapientia
1399 1872 1439 1937 ab
1470 1872 1616 1937 omuibus

316 1976 392 2041 filiis
415 1978 491 2041 suis.
516 1978 567 2042 36.
591 1978 729 2059 lloguuit
743 1984 852 2043 antem
877 1978 964 2043 illam
986 1978 1113 2061 qnidam
1138 1978 1340 2055 Pharisaeus
1360 1985 1395 2042 ut
1411 1978 1616 2043 manducaret

315 2100 386 2145 cum
404 2134 410 2145 .
428 2132 460 2148 ..
486 2082 528 2145 Et
550 2083 717 2163 ingre...
743 2084 871 2148 domum
896 2084 1061 2148 Pharisaei
1085 2084 1238 2149 dicubuit.
1269 2085 1320 2149 37.
1344 2082 1388 2147 Et
1409 2100 1483 2147 ecre
1500 2080 1615 2145 mulier

316 2186 349 2249 in
372 2186 515 2265 ciuitate,
539 2204 622 2268 quac
646 2191 718 2251 erat
741 2187 911 2267 peccatrix,
945 2196 980 2249 ut
1004 2187 1162 2269 cognouit,
1192 2186 1275 2267 quod
1299 2186 1445 2252 recubuit
1467 2188 1499 2251 in
1523 2187 1614 2251 domo

316 2288 490 2370 Pharisaei,
506 2289 617 2355 attulit
637 2290 832 2355 alabastrum
858 2291 1021 2372 unguenti,
1046 2292 1097 2357 38.
1122 2298 1155 2355 et
1177 2298 1266 2355 stans
1289 2296 1375 2355 retro
1398 2310 1492 2356 secus
1516 2291 1613 2372 pedes

316 2394 385 2459 eius
415 2395 564 2477 lacrymis
596 2396 722 2475 rigabat
757 2396 932 2477 pedes...
956 2401 991 2459 et
1020 2395 1146 2478 capillis
1180 2396 1294 2477 capitis
1325 2398 1374 2461 sui
1406 2395 1553 2477 tergebat
1581 2400 1614 2459 et

316 2497 523 2565 osculabatur
547 2500 643 2581 pedes
667 2500 736 2565 eius
760 2506 793 2565 et
807 2500 969 2581 unguebat
993 2506 1166 2581 unguento.
1190 2502 1242 2565 39.
1268 2500 1390 2564 Uidens
1408 2508 1514 2564 autem
1533 2498 1611 2563 Pha-

315 2605 438 2669 risaeos
454 2605 508 2684 qui
525 2618 698 2669 uocauerat
713 2623 798 2685 corn,
821 2606 868 2669 ait
889 2606 974 2670 intra
989 2622 1026 2671 se
1049 2606 1176 2669 diceus:
1204 2604 1266 2669 Hic
1289 2606 1316 2669 si
1338 2612 1425 2670 esset
1447 2604 1613 2685 propheta,

315 2710 414 2773 sciret
435 2710 555 2793 otique,
576 2728 659 2791 quae
681 2717 715 2776 et
737 2711 843 2791 qualis
865 2710 980 2775 mulier
1001 2714 1062 2789 est,
1093 2728 1174 2791 quae
1203 2710 1307 2790 tangit
1329 2728 1414 2787 eum,
1445 2709 1519 2790 quia
1542 2726 1612 2789 pec-

314 2815 419 2879 catrix
440 2818 500 2879 est.
523 2816 575 2881 40.
600 2816 644 2879 Et
664 2814 862 2898 respondeus
884 2814 981 2880 lesus
999 2813 1080 2879 dixit
1096 2814 1136 2879 ad
1160 2813 1267 2879 illum:
1289 2812 1405 2886 Simon,
1431 2810 1531 2876 habeo
1556 2813 1612 2878 tibi

315 2918 436 3001 aliquid
458 2920 575 2984 dicere.
601 2921 649 2985 hd
665 2919 719 2984 ille
742 2922 803 2986 nit:
828 2920 995 3002 Magister,
1019 2922 1079 2986 dic.
1106 2921 1193 2986 Dixit
1209 2938 1284 3000 ergo
1302 2919 1415 2985 lesus:
1439 2921 1492 2984 41.
1514 2917 1615 2982 Erant

316 3024 378 3087 duo
393 3024 556 3090 debitores
567 3025 691 3092 cuidam
715 3023 926 3102 faeneratori;
950 3045 1031 3090 unus
1053 3025 1189 3090 debehat
1219 3024 1368 3089 denarios
1399 3022 1438 3102 D,
1470 3021 1554 3088 alius
1577 3021 1613 3085 L.

315 3131 367 3194 42.
385 3129 455 3194 Non
469 3128 661 3195 habentibus
676 3135 784 3194 antem
800 3130 873 3212 illis,
888 3132 972 3194 unde
987 3131 1168 3211 redderent,
1193 3131 1326 3194 donauit
1349 3130 1503 3210 utrisque.
1535 3128 1615 3206 Quis

316 3251 393 3314 ergo
408 3253 480 3298 earm
494 3233 565 3314 plus
578 3234 715 3299 dilexit?
729 3238 781 3301 43.
794 3235 1004 3317 Respondeas
1016 3233 1122 3300 Simon
1137 3235 1235 3298 dixit:
1261 3235 1413 3316 testimo,
1426 3233 1550 3313 quiuis,
1563 3233 1615 3296 cui

315 3337 387 3418 plns
411 3337 553 3402 donauit.
584 3338 634 3403 hd
656 3339 710 3403 ille
735 3339 816 3404 dixit
838 3340 883 3404 ei:
921 3338 1019 3404 Recte
1043 3339 1200 3404 iudicasti.
1235 3341 1286 3402 44.
1311 3338 1355 3402 Et
1378 3355 1550 3403 conuersus
1572 3337 1615 3400 sd

314 3442 490 3520 mulierem,
522 3444 603 3508 dixit
621 3442 758 3508 Simoni:
796 3443 896 3508 Uides
927 3444 1007 3509 lrauc
1037 3443 1228 3509 mulierem?
1262 3442 1386 3508 Intraoi
1418 3443 1450 3506 in
1486 3442 1614 3505 domurn

314 3551 413 3624 tuam,
444 3565 558 3628 aquam
576 3600 581 3610 .
600 3597 630 3612 ..
656 3547 749 3613 dibus
772 3547 850 3612 mihi
882 3567 944 3613 non
969 3547 1103 3626 dedisti;
1137 3547 1216 3611 haec
1239 3552 1345 3611 autem
1377 3544 1523 3629 lacrymis
1546 3546 1615 3611 suis

315 3653 435 3731 rigauit
458 3653 555 3732 pedes
578 3670 666 3718 meos
688 3657 722 3716 et
744 3651 870 3734 capillis
893 3655 961 3716 suis
984 3653 1089 3717 tersit.
1117 3657 1168 3719 45.
1194 3649 1348 3716 Osculum
1372 3652 1449 3716 mihi
1473 3668 1535 3714 non
1560 3650 1614 3714 de-

316 3756 410 3832 disti;
433 3756 514 3821 haec
537 3762 644 3822 autem
668 3775 708 3822 ex
730 3776 793 3839 quo
816 3757 946 3832 intraui,
980 3777 1040 3821 non
1065 3759 1203 3821 cessauit
1226 3759 1362 3822 osculari
1395 3757 1491 3840 pedes
1514 3775 1613 3823 meos,

315 3863 368 3928 46.
394 3860 474 3927 Oleo
500 3881 561 3926 non
585 3862 723 3928 unexisti
746 3870 843 3942 capnt
864 3881 988 3940 meum;
1012 3862 1091 3926 haec
1113 3869 1218 3927 summ
1238 3867 1401 3943 unguento
1417 3866 1535 3928 uncxit.
1558 3865 1613 3928 47.

315 3965 450 4048 Propter
471 3968 556 4048 quod
588 3969 656 4033 dico
686 3969 762 4034 tibi:
793 3967 942 4032 Remissa
979 3972 1052 4032 sunt
1094 3967 1127 4030 ei
1159 3972 1288 4049 paccata
1315 3969 1423 4047 multa,
1454 3969 1530 4050 quia
1563 3969 1613 4032 di·

314 4071 394 4137 lexit
414 4073 559 4137 multum.
591 4071 651 4137 Cui
674 4078 780 4136 autem
811 4071 916 4136 minus
939 4073 1122 4151 dimittitur,
1155 4073 1258 4138 minus
1290 4073 1403 4155 diligit.
1437 4075 1491 4138 48.
1523 4072 1615 4137 Dixit

314 4181 421 4240 autem
443 4175 541 4240 lesos
561 4176 601 4240 ad
624 4195 712 4242 eam:
736 4176 862 4258 Mulier,
890 4177 1024 4244 remisse
1053 4185 1127 4242 sunt
1151 4179 1181 4242 ei
1197 4183 1339 4260 peccata.
1362 4179 1415 4243 49.
1438 4177 1482 4243 Et
1499 4177 1612 4259 coepit,

314 4281 370 4360 qui
393 4280 487 4345 simul
510 4281 746 4361 recumbebant,
771 4283 878 4349 dicere
902 4284 986 4348 iutra
1009 4301 1059 4347 sa:
1094 4285 1173 4360 Quis
1196 4289 1254 4360 est,
1279 4286 1334 4364 qui
1364 4286 1462 4349 etism
1481 4287 1612 4366 peccata

314 4384 475 4450 remittit?
509 4385 561 4451 50.
586 4387 677 4450 Dixit
700 4386 798 4452 Jesus
826 4389 866 4452 ad
889 4387 1072 4454 mulierem:
1105 4388 1200 4453 Fides
1231 4393 1287 4452 tua
1317 4390 1349 4452 te
1379 4388 1501 4453 saluam
1524 4386 1612 4470 iecit,

314 4490 395 4554 uada
418 4489 452 4554 in
475 4507 565 4572 pace.

418 4700 518 4770 viii.
544 4707 572 4766 1.
597 4704 641 4768 Et
663 4701 782 4768 lactum
805 4709 855 4768 est
877 4703 1029 4786 deinceps
1052 4711 1084 4769 et
1107 4705 1176 4786 ipse
1199 4705 1263 4771 iter
1294 4703 1431 4770 iaciebat
1453 4723 1510 4785 per
1533 4702 1612 4768 ciui-

314 4809 398 4888 tates
420 4814 454 4872 et
477 4807 613 4874 castella
636 4810 826 4891 praedicans
850 4815 883 4874 et
906 4809 1132 4894 euangelizans
1163 4829 1294 4891 regnum
1320 4809 1371 4874 dei
1396 4812 1429 4873 et
1451 4808 1524 4873 xil.
1548 4808 1612 4874 dis-
