3625 5775
159 497 190 549 C.
212 502 235 552 1.
552 495 733 564 Euangelium
752 494 900 550 secundum
921 493 1070 548 Lucanum.
1421 499 1461 562 19

161 708 340 789 potentiam
358 708 390 771 15
403 705 534 773 bruchio
554 725 621 786 suo,
646 706 800 788 disparsit
818 706 974 790 superbos
991 709 1095 770 mente
1112 707 1206 772 corde
1230 708 1379 789 ipsorum,
1410 707 1460 772 52.

159 813 312 894 deposuit
340 818 489 895 putentes
521 813 561 877 de
584 812 660 876 sada
681 818 715 874 et
746 813 903 877 exaltauIt
928 812 1074 897 humiles.
1106 813 1158 878 53.
1183 811 1372 878 llsurieutes
1405 812 1461 875 im-

161 916 265 999 pleuit
288 915 379 982 bouis
408 922 441 981 et
464 915 583 981 diuites
613 915 734 980 dimisit
756 917 876 981 155555.
907 915 960 982 51.
984 915 1133 998 Suscepit
1163 915 1301 982 Istrahel
1325 934 1457 1000 puerum

159 1041 255 1086 suum
277 1022 446 1087 memorari
469 1020 716 1086 misericordiae.
740 1021 790 1088 55.
813 1019 902 1086 81555
924 1021 1048 1087 1555555
1072 1027 1122 1086 555
1137 1021 1178 1086 ud
1201 1026 1309 1102 patres
1333 1027 1459 1087 nostrus

161 1127 311 1192 Abrahae
335 1126 595 1192 555551515155
619 1125 812 1191 insaecula.
837 1129 890 1192 56.
915 1123 1036 1194 Mansit
1054 1131 1160 1192 autem
1185 1125 1287 1190 Maria
1312 1143 1383 1190 cnm
1408 1123 1462 1188 illa

163 1232 329 1297 mensibus
359 1231 463 1296 tribus
486 1234 519 1295 et
549 1248 680 1295 reuersa
711 1236 762 1296 est
784 1230 870 1296 domi
901 1249 988 1296 suaa.
1020 1233 1071 1296 51.
1096 1231 1239 1296 Elisabel
1270 1235 1380 1296 autam
1406 1229 1461 1294 im·

162 1337 284 1419 pletum
306 1342 358 1401 est
380 1340 507 1417 tempus
528 1335 678 1418 gignendi
702 1341 734 1400 et
756 1337 868 1417 genuit
889 1334 998 1402 filium.
1025 1339 1077 1404 58.
1102 1336 1145 1400 Et
1167 1334 1338 1401 audieruut
1364 1333 1462 1400 515151

161 1448 195 1506 55
217 1440 344 1522 cognati
367 1441 448 1520 eius,
470 1440 546 1521 quia
567 1438 786 1520 magnificant
808 1441 955 1506 dominus
992 1441 1240 1506 misericordiam
1272 1456 1360 1504 suam
1391 1457 1461 1503 cnm

162 1545 283 1628 111555
306 1545 607 1627 congratulabantur
628 1544 667 1610 ei.
703 1546 755 1611 59.
779 1545 822 1610 Et
846 1545 966 1609 factum
997 1546 1101 1610 55515
1124 1545 1177 1610 die
1200 1545 1323 1624 octaba,
1349 1552 1385 1609 nt
1407 1561 1462 1608 ue·

161 1652 269 1716 515555
290 1657 323 1714 55
346 1649 610 1715 circumciderant
632 1667 780 1732 puerum,
799 1654 1042 1716 atuucauerunt
1064 1669 1135 1716 anm
1159 1648 1191 1713 in
1215 1650 1341 1715 nomine
1364 1648 1465 1732 patris

162 1757 233 1820 5155
255 1755 467 1820 Zacchariam.
505 1755 557 1820 60.
581 1754 625 1820 Ε5
646 1756 844 1835 respondeus
866 1761 969 1820 mater
1000 1756 1070 1820 eius
1093 1756 1188 1820 dixit:
1227 1753 1306 1835 Nou,
1330 1755 1386 1818 sed
1410 1773 1463 1818 nu-

164 1860 291 1925 cabitur
312 1858 485 1924 Iohannes.
532 1862 585 1924 61.
608 1859 652 1924 Et
674 1859 825 1926 dixerunt
846 1859 887 1924 ad
912 1858 1013 1925 illam:
1051 1860 1149 1924 Nemo
1174 1861 1280 1924 55515
1304 1859 1465 1941 coguatio·

162 1971 283 2049 55555,
305 1965 359 2047 qui
373 1962 575 2030 uoceturhoc
598 1964 733 2028 nomine.
758 1966 808 2030 62.
823 1965 1016 2030 Adnuebaut
1038 1971 1143 2030 autem
1161 1965 1244 2046 patri
1268 1963 1346 2043 aius,
1370 1979 1464 2043 quern

163 2070 265 2136 uellet
287 2070 395 2135 uocari
419 2087 500 2133 eum.
548 2071 599 2135 63.
624 2068 666 2133 Et
689 2070 813 2152 accepit
835 2069 1022 2153 pugillarem
1053 2075 1086 2136 et
1108 2069 1238 2151 scripsit
1261 2069 1385 2134 dicens:
1409 2065 1465 2131 Jo-

162 2175 284 2240 555555
317 2181 367 2240 555
393 2191 506 2238 nornen
539 2175 618 2240 eius.
664 2173 708 2236 Et
730 2175 880 2238 contiuuo
916 2174 1057 2238 resoluta
1091 2178 1141 2238 est
1173 2173 1283 2256 lingua
1317 2172 1396 2249 eius,
1431 2175 1465 2236 et

166 2298 277 2346 omnes
308 2279 414 2344 mirati
437 2283 519 2345 5555.
566 2281 722 2359 Apertum
745 2284 796 2343 ast
818 2285 925 2343 autem
949 2298 984 2344 os
1008 2278 1077 2342 eius
1101 2282 1134 2344 et
1156 2277 1345 2361 loquebatur
1369 2277 1462 2341 bene·

163 2385 277 2450 diceus
300 2385 404 2449 deum.
450 2384 502 2448 65.
528 2383 570 2447 Et
592 2382 696 2448 laetus
730 2390 781 2448 est
803 2383 897 2448 timor
921 2400 1053 2464 maguus
1091 2401 1186 2464 super
1210 2401 1318 2448 omues
1341 2382 1465 2446 uicinus

164 2507 274 2555 eorum
297 2495 330 2554 et
354 2489 385 2553 15
417 2489 567 2554 uniuersa
589 2493 738 2552 montana
768 2487 904 2568 ludere,
929 2492 962 2552 55
985 2486 1233 2570 diuulgabantur
1257 2487 1337 2552 5555
1360 2485 1466 2550 55515

166 2593 274 2660 uerba.
298 2595 352 2662 66.
375 2599 408 2659 st
432 2596 607 2677 posueruut
629 2610 747 2672 55555,
772 2593 828 2674 qui
851 2593 1021 2657 audieruut
1047 2593 1078 2656 15
1102 2593 1198 2658 corde
1222 2611 1279 2658 suo
1303 2593 1464 2658 dicentes:

166 2696 250 2774 Quid
273 2699 383 2780 utique
405 2698 468 2763 erit
491 2716 569 2781 puer
604 2699 682 2776 ista;
714 2699 831 2763 etenim
867 2715 978 2762 manus
1014 2697 1131 2761 domiui
1156 2717 1227 2764 curn
1251 2699 1307 2764 illo
1329 2705 1387 2763 est.
1413 2696 1464 2762 61.

166 2804 210 2871 Et
242 2803 434 2870 Zaccharias
467 2803 617 2883 impletus
650 2807 701 2867 555
734 2804 850 2886 spiritu
885 2807 995 2869 sancto
1031 2808 1064 2866 55
1100 2803 1313 2884 prophetabat
1346 2803 1465 2866 diceus.

166 2912 218 2976 58.
243 2909 436 2975 Benedictus
470 2907 549 2974 deus
572 2908 721 2984 Istrahel,
756 2908 831 2990 quia
864 2908 1014 2973 uisitauit
1047 2907 1181 2972 etfacit
1217 2908 1465 2989 redemptionem
1583 2956 1593 2971 .

167 3013 274 3097 515515
308 3032 394 3091 5555,
432 3015 483 3079 69.
508 3018 540 3078 et
563 3014 666 3077 erexit
696 3031 794 3078 cornu
824 3014 939 3077 5515515
963 3012 1052 3078 55515
1076 3013 1223 3079 indomo
1248 3013 1353 3078 Dauid
1378 3012 1467 3094 pueri

168 3120 219 3184 sui
264 3119 315 3184 10.
340 3120 423 3184 51555
456 3118 583 3185 1555555
619 3122 669 3183 555
705 3138 764 3200 per
798 3136 833 3183 55
857 3121 1039 3183 sauctorum
1074 3137 1204 3184 suorum
1229 3118 1465 3201 prophatarum,

167 3226 222 3307 qui
247 3225 286 3289 ab
320 3242 400 3289 aeuo
423 3228 507 3293 sunt.
556 3224 606 3288 11.
628 3224 672 3289 Ε5
693 3223 844 3289 liberauit
880 3243 938 3289 uos
972 3224 1012 3289 ab
1046 3222 1184 3289 inimicis
1219 3224 1337 3289 uostris
1371 3226 1404 3287 et
1427 3222 1467 3285 de

168 3349 264 3395 nrauu
298 3331 448 3410 omnium,
483 3330 536 3409 qui
574 3346 630 3393 nos
665 3327 809 3393 oderunt.
856 3328 906 3393 12.
931 3329 981 3393 Ad
1004 3327 1183 3394 faciendam
1218 3328 1467 3394 misericordiam

169 3455 241 3502 cum
273 3434 418 3517 patribus
451 3434 571 3500 nostris
599 3439 632 3498 et
666 3434 835 3498 memorari
862 3434 1047 3499 testamenti
1083 3436 1187 3499 sancti
1222 3435 1282 3511 sui,
1327 3433 1468 3499 15155-

170 3539 340 3606 iurandum
363 3540 447 3621 quod
471 3538 589 3603 iurauit
602 3538 644 3603 ad
657 3537 816 3602 Abraham
839 3544 960 3619 patrem
985 3543 1127 3603 nostrum
1152 3539 1297 3604 daturum
1321 3538 1468 3619 sanabis,

169 3648 220 3712 14.
243 3649 278 3709 55
300 3646 370 3709 5155
394 3644 508 3709 515555
532 3644 572 3707 da
594 3661 690 3707 manu
713 3642 913 3708 inimicorum
937 3648 1118 3708 nostrorum
1142 3644 1266 3708 liberati
1293 3644 1469 3709 sarniamus

170 3751 229 3835 1111,
276 3750 327 3815 15.
353 3750 385 3814 15
408 3748 581 3815 sanctitate
604 3752 637 3811 et
659 3746 783 3813 iustitia
805 3766 912 3812 curam
935 3748 1005 3830 ipso
1029 3746 1175 3813 omnibns
1198 3749 1311 3815 diebus
1336 3747 1467 3813 nustria.

170 3860 221 3923 16.
245 3857 289 3922 Et
311 3859 345 3920 tu
370 3873 459 3935 puer,
484 3854 642 3935 propheta
664 3853 812 3919 altissimi
837 3853 1021 3930 uocaueris;
1053 3853 1193 3936 praeibis
1216 3854 1299 3917 euim
1322 3858 1398 3919 anta
1421 3850 1468 3915 1-

170 3963 252 4027 5155
275 3958 393 4025 domiui
417 3976 531 4041 parare
554 3960 625 4023 uias
649 3959 727 4038 eius,
761 3961 810 4024 11.
834 3958 875 4022 55
900 3958 1036 4023 dandam
1060 3959 1223 4023 scientiam
1247 3960 1360 4025 salutis
1383 3956 1468 4039 plebi

169 4065 295 4131 515515
319 4063 538 4129 remissionem
562 4067 763 4143 peccatorum
787 4080 906 4141 eorum,
933 4064 981 4127 18.
1001 4079 1058 4142 par
1082 4064 1209 4128 uiscera
1233 4062 1469 4129 misericordiae

171 4173 223 4237 dei
247 4171 359 4247 nostri,
383 4169 548 4250 15551555
572 4170 718 4235 uisitauit
741 4168 927 4234 55551555
950 4187 989 4232 ea
1012 4169 1087 4247 allo,
1134 4172 1183 4235 19.
1209 4167 1396 4233 inluminare
1420 4168 1470 4246 iis,

170 4277 226 4359 qui
250 4278 281 4341 iu
305 4275 445 4341 tenebrIs
468 4280 501 4339 ct
525 4274 693 4338 inumbra
725 4272 837 4339 mortis
870 4273 994 4350 sedent,
1018 4274 1058 4338 ad
1082 4274 1263 4355 dirigendos
1295 4274 1392 4355 55555
1416 4290 1471 4337 55·

170 4388 256 4447 stros
279 4382 311 4445 15
333 4382 417 4445 5155
442 4380 540 4461 pacis.
587 4379 637 4443 80.
663 4379 745 4443 Puer
768 4381 874 4444 autem
906 4378 1070 4443 crescebat
1104 4386 1138 4443 ot
1168 4378 1406 4444 confortabatur
1440 4379 1472 4441 in

171 4488 355 4571 spiritual
379 4493 449 4550 erat
472 4486 503 4550 15
529 4484 657 4549 deserto
682 4502 782 4564 usquc
806 4485 837 4547 iu
862 4484 946 4547 diem
970 4502 1062 4548 suurn
1085 4483 1124 4549 ud
1149 4482 1293 4547 Istrahel.

275 4694 324 4763 11.
350 4701 377 4761 l.
402 4695 533 4759 Factum
558 4698 739 4759 55555555
763 4691 1277 4759 15515555111155111555115555
1301 4712 1319 4757 a
1344 4710 1473 4758 caesara

173 4802 330 4883 Augusto,
354 4804 392 4865 ut
411 4798 618 4881 profiteretur
649 4800 818 4864 uniuersus
842 4798 930 4863 orbis
953 4801 1117 4863 terrarum.
1163 4799 1194 4862 2.
1220 4850 1225 4863 .
1251 4849 1257 4864 .
1285 4850 1291 4864 .
1317 4797 1472 4880 professio
