3625 5775
205 446 232 500 C.
253 452 277 497 d.
587 442 767 513 Euangelium
786 443 937 497 secuudum
957 442 1121 496 iohannem.
1462 448 1503 511 ⁴17

206 675 374 723 carcerem.
413 658 465 723 25.
498 656 595 721 Foeta
619 660 668 721 est
691 662 797 721 autern
830 656 975 735 quaestio
999 674 1038 719 ex
1062 654 1229 735 discipulis
1252 653 1409 720 Jubaunis
1433 674 1503 719 curu

209 762 342 826 Judaeis
367 762 406 826 de
429 759 660 843 purificatione.
701 763 751 827 26.
777 761 819 824 Et
843 764 1002 835 uenerunt
1034 761 1074 823 ad
1097 758 1276 825 Jobannem
1300 765 1332 824 et
1355 759 1507 825 dixerunt

206 868 254 931 ei:
279 866 380 945 rabbi,
404 868 457 947 qui
482 873 552 933 erat
575 870 679 931 terum
704 870 792 931 trans
815 865 990 946 iudanon,
1036 865 1088 930 oui
1120 871 1155 930 tu
1187 864 1404 929 testimonium
1437 884 1507 946 per-

208 972 351 1052 hibuisti,
375 990 449 1037 eece
471 971 524 1035 hie
547 970 701 1053 baptizat,
737 974 771 1035 et
793 988 901 1036 ornnes
932 968 1068 1035 ueniunt
1091 970 1131 1033 ad
1155 986 1235 1033 eum.
1259 971 1308 1034 27.
1333 968 1511 1053 Respondit

206 1075 372 1141 Jobaunes
397 1076 520 1141 diceus:
545 1076 615 1141 Non
639 1080 745 1159 potest
760 1076 853 1140 bomo
877 1076 1025 1158 accipere
1048 1074 1301 1156 quiequanr‚nisi
1328 1074 1375 1141 illi
1400 1076 1508 1141 datum

207 1183 304 1247 fuerit
328 1183 474 1263 desuper.
514 1184 566 1246 28.
602 1181 666 1262 Ipsi
691 1199 748 1247 uns
784 1181 1001 1247 testimoninm
1036 1178 1112 1245 ruibi
1150 1178 1335 1263 perhibetis,
1360 1182 1507 1263 quoniam

208 1286 293 1351 dixi:
318 1305 380 1349 nou
404 1304 474 1351 sum
498 1303 558 1369 ego
584 1284 741 1365 Christum,
765 1286 821 1349 sed
846 1287 922 1369 quia
944 1286 1136 1367 praemissus
1161 1302 1230 1350 sum
1253 1291 1327 1350 ante
1349 1304 1431 1349 eum.
1456 1287 1507 1350 29.

209 1392 270 1469 Qui
295 1392 391 1455 babet
414 1408 572 1473 sponsam,
605 1410 740 1473 sponsus
764 1397 832 1467 est;
873 1392 994 1457 amicus
1031 1397 1138 1455 autem
1170 1390 1366 1471 sponsioni
1390 1394 1510 1455 statet

208 1497 298 1561 audit
332 1515 412 1577 eum,
447 1496 563 1579 gaudio
594 1496 711 1577 gaudet
733 1502 866 1579 propter
901 1515 1010 1561 uocem
1034 1498 1113 1560 eius,
1159 1495 1229 1559 Hoo
1252 1514 1326 1576 ergo
1359 1496 1508 1576 gaudium

209 1620 310 1666 meum
337 1600 527 1683 cornpletum
551 1605 609 1666 est.
634 1602 685 1666 30.
711 1598 803 1665 Ilium
828 1606 956 1683 oportet
979 1618 1135 1680 erescere,
1159 1617 1209 1664 me
1224 1603 1329 1665 antem
1347 1601 1507 1667 minorari.

209 1709 259 1773 31.
296 1706 357 1783 Qui
382 1706 569 1771 desursum
596 1706 693 1784 uenit,
717 1709 1030 1787 superonruesest.
1077 1706 1137 1782 Qui
1173 1723 1248 1770 uero
1280 1724 1317 1769 ex
1340 1709 1428 1770 terra
1451 1712 1509 1788 est,

210 1812 249 1876 de
273 1816 360 1875 terra
383 1816 433 1877 est
456 1816 488 1877 et
512 1810 551 1875 de
575 1816 662 1875 terra
686 1810 835 1891 loquitur.
883 1812 935 1875 32.
974 1810 1034 1887 Qui
1078 1813 1185 1875 autern
1221 1810 1261 1874 de
1293 1810 1382 1875 cneio
1413 1810 1509 1889 uenit,

209 1916 293 1999 quod
318 1916 399 1981 uidit
422 1920 454 1981 et
467 1916 601 1995 audiuit,
624 1918 772 1993 testatur,
798 1920 831 1979 et
843 1915 1059 1980 testimouium
1085 1914 1171 1978 iilius
1190 1933 1283 1979 uerno
1306 1913 1433 1996 accipit.
1457 1917 1509 1981 33.

210 2023 270 2100 Qui
294 2027 399 2086 autem
413 2021 531 2101 arripit
554 2019 769 2083 testimouium
794 2018 873 2097 eius
898 2017 1049 2101 signauit,
1066 2019 1216 2101 quoniam
1233 2020 1312 2085 deus
1329 2038 1428 2085 uorax
1451 2026 1509 2085 rst.

209 2127 259 2191 34.
307 2127 406 2204 Quem
444 2124 529 2189 enim
554 2123 641 2189 misit
675 2124 764 2201 deus,
790 2123 890 2189 uerba
914 2124 969 2188 dei
991 2125 1144 2207 loquitur,
1167 2142 1229 2189 non
1252 2126 1335 2189 enirn
1359 2124 1399 2188 ad
1423 2144 1510 2189 uren·

210 2250 315 2297 ruram
339 2230 395 2294 dart
417 2231 573 2310 spiritum.
610 2230 662 2295 35.
686 2228 781 2293 Pater
804 2228 911 2311 diligit
927 2225 1040 2308 Ιιίιιιιιι,ι
1054 2233 1086 2294 et
1101 2229 1207 2294 omnia
1228 2229 1321 2294 dedit
1343 2230 1375 2293 in
1399 2248 1512 2296 manus

210 2340 288 2401 eius.
313 2339 364 2402 36.
405 2337 465 2413 Qui
490 2336 591 2400 credit
613 2334 644 2398 in
669 2332 744 2412 filio,
769 2333 866 2399 babet
890 2335 989 2399 uitam
1012 2342 1191 2400 aeternam:
1239 2336 1294 2417 qui
1319 2344 1424 2400 autem
1449 2354 1510 2400 non

212 2440 313 2507 eredit
350 2439 424 2523 tilio,
460 2458 521 2505 non
558 2438 679 2505 uidebit
703 2438 800 2503 uitam
835 2444 1009 2519 aeternam,
1041 2440 1097 2504 sed
1121 2441 1172 2505 ira
1193 2440 1247 2505 dei
1271 2442 1301 2505 in
1326 2460 1364 2505 eo
1388 2459 1511 2521 perma-

211 2546 308 2611 nebit.

300 2752 362 2821 IV.
411 2758 437 2818 l.
485 2755 566 2819 Cum
590 2773 665 2835 ergo
698 2754 900 2835 cognouisset
933 2753 1030 2819 Jesus
1053 2755 1181 2821 audisse
1207 2756 1405 2835 Pharisaeos,
1429 2758 1514 2837 quod

211 2862 308 2927 iesus
331 2859 438 2940 pirues
461 2860 636 2942 discipulos
667 2858 743 2924 fucit
775 2876 867 2940 qurum
901 2858 1065 2925 dolrannes
1089 2867 1121 2926 et
1146 2861 1295 2945 baptizat,
1334 2862 1362 2925 2.
1390 2864 1514 2942 (quam-

211 2969 409 3050 quamdesus
434 2967 502 3048 ipse
526 2984 588 3030 uon
613 2965 800 3047 baptizaret,
825 2965 881 3030 sed
906 2965 1057 3048 discipuli
1080 2965 1174 3046 eius)
1197 2968 1227 3030 3.
1252 2965 1389 3048 reliquid
1415 2966 1514 3046 igitur

212 3073 367 3138 Judaearu
392 3082 424 3138 et
447 3070 607 3154 protectus
632 3077 680 3134 est
705 3072 818 3134 iterum
843 3071 874 3135 in
898 3070 1085 3137 Galilaeam.
1134 3071 1161 3135 4.
1208 3068 1385 3152 Oportebat
1407 3076 1515 3134 antoru

213 3196 286 3243 eum
310 3175 450 3242 transire
473 3195 531 3257 per·
561 3173 745 3240 Saruarinrn.
785 3177 813 3240 5.
853 3175 953 3241 Uenit
976 3176 1074 3258 igitur
1096 3177 1128 3244 in
1154 3174 1318 3240 ciuitatem
1342 3175 1513 3258 Samariae,

213 3302 295 3365 quae
319 3283 437 3347 dicitur
460 3281 611 3363 Esyebur,
637 3281 724 3344 iuxta
747 3281 927 3361 praedium,
965 3282 1049 3362 quod
1075 3281 1166 3348 dedit
1187 3279 1288 3345 Jacob
1310 3279 1430 3364 Josopu
1450 3279 1514 3346 titio

213 3407 280 3454 sua
305 3391 334 3453 d.
358 3387 439 3452 Erat
462 3389 566 3452 autern
590 3384 661 3450 fons
683 3383 793 3451 Jacob.
819 3385 916 3452 desua
939 3388 1039 3467 igitur
1068 3386 1224 3470 fatigatus
1254 3384 1434 3452 abitinere
1465 3407 1515 3452 se-

214 3493 310 3558 debat
334 3511 430 3574 super
463 3491 591 3556 fontem.
638 3487 727 3556 Hora
756 3494 861 3554 autem
894 3498 963 3557 erut
986 3490 1114 3556 circiter
1136 3498 1237 3556 sexta.
1286 3495 1313 3557 i.
1361 3491 1405 3555 E:
1428 3494 1518 3557 uenit

214 3599 370 3680 quaedum
394 3595 508 3662 mulier
532 3613 550 3660 n
574 3595 717 3662 Samaria
740 3594 870 3662 baurire
893 3615 1017 3677 aquam.
1041 3599 1069 3661 8.
1096 3597 1182 3662 ltirit
1197 3598 1226 3661 ei
1242 3597 1358 3663 Jesus:
1382 3598 1422 3662 da
1439 3597 1517 3663 mibi

213 3702 342 3782 bibere;
381 3702 529 3783 discipuli
562 3701 646 3766 enim
678 3700 747 3766 eius
771 3700 917 3767 abierant
939 3703 970 3766 iu
996 3703 1168 3782 ciuitatem,
1194 3707 1230 3767 ut
1253 3703 1340 3768 eibos
1364 3707 1516 3769 emerent.

214 3809 245 3874 9.
283 3807 370 3872 Dioit
392 3827 467 3890 ergo
491 3808 519 3872 ei
544 3807 656 3870 mulier·
679 3804 891 3871 Samaritana:
931 3805 987 3885 Tu,
1012 3825 1083 3871 cum
1113 3806 1158 3873 sis
1181 3806 1334 3886 iudaeus,
1359 3809 1515 3889 quomodo

214 3933 233 3979 a
257 3931 308 3978 me
331 3911 439 3978 bibere
462 3913 556 3994 petis,
582 3929 652 3976 cum
678 3911 737 3976 sim
755 3910 868 3974 mulier
890 3909 1117 3978 Samaritissa?
1147 3915 1191 3978 td.
1217 3912 1396 3993 Respondit
1420 3913 1516 3978 desua

214 4025 248 4083 et
270 4018 352 4084 dixit
375 4019 420 4083 ei:
460 4017 493 4083 Si
518 4016 617 4082 scires
641 4017 755 4082 donum
780 4015 830 4081 dei
856 4022 886 4081 et
912 4018 982 4099 quis
1006 4023 1066 4099 est,
1090 4015 1144 4098 qui
1177 4016 1255 4082 dicit
1277 4017 1352 4082 tibi:
1377 4017 1418 4082 da
1439 4017 1517 4084 mibi

219 4123 339 4203 bibere,
375 4128 409 4188 tu
433 4124 534 4204 magis
568 4122 706 4203 petisses
737 4139 819 4203 eum,
855 4125 887 4186 et
922 4121 1065 4187 dedisset
1088 4121 1145 4185 tibi
1170 4139 1286 4204 aquam
1309 4122 1426 4188 uiuam.
1466 4126 1516 4188 ll.

216 4227 305 4293 Dicit
329 4227 376 4293 illi
399 4226 528 4292 mulier:
554 4227 700 4304 Domine,
718 4243 820 4307 neque
843 4225 1052 4290 hauritorium
1067 4225 1174 4305 babes,
1198 4233 1231 4292 et
1253 4233 1384 4310 puteum
1417 4229 1517 4293 altum

217 4335 278 4410 est,
303 4333 386 4396 uude
409 4331 508 4396 habes
531 4350 645 4414 aquam
668 4331 800 4395 uiuum?
820 4332 867 4394 12.
887 4328 1047 4412 Numquid
1061 4337 1096 4398 tu
1120 4335 1220 4396 maior
1243 4349 1277 4396 es
1301 4332 1385 4415 patri
1407 4339 1518 4398 nostro

216 4436 326 4516 Jacob,
351 4438 404 4518 qui
441 4436 530 4502 dedit
562 4434 652 4500 uobis
683 4439 823 4518 puteum,
860 4441 893 4500 et
927 4435 997 4516 ipse
1020 4455 1059 4501 ex
1082 4456 1119 4501 eo
1155 4435 1235 4501 uibit
1258 4444 1291 4503 et
1314 4436 1463 4503 tilii-eius
1487 4441 1520 4501 et

222 4560 356 4623 peccora
379 4542 471 4606 eius?
500 4546 547 4608 13.
573 4540 749 4620 Respondit
770 4541 864 4606 Jesus
888 4547 921 4604 et
946 4542 1027 4606 dixit
1049 4543 1095 4607 ei:
1125 4544 1238 4626 omnis,
1264 4545 1316 4626 qui
1341 4544 1459 4609 biberit
1481 4563 1520 4610 ex

224 4665 306 4728 aqua
331 4645 399 4725 bae,
424 4647 513 4712 sitiet
529 4647 662 4723 iterum3
688 4646 741 4724 qui
764 4651 869 4709 autem
880 4646 998 4711 biberit
1020 4647 1060 4712 de
1083 4666 1176 4730 aquo,
1201 4667 1294 4730 quam
1318 4667 1377 4732 ego
1401 4649 1520 4715 dedero

220 4750 258 4828 ei,
285 4770 346 4815 nou
372 4751 460 4818 sitiet
483 4750 514 4816 iu
539 4751 774 4831 sempiternum,
801 4751 848 4813 14.
875 4749 930 4813 sed
948 4769 1072 4834 nquam.
1098 4771 1189 4832 quem
1214 4772 1273 4834 rgo
1298 4753 1379 4819 dabo
1403 4751 1443 4833 ei,
1466 4751 1522 4818 fiet
