3625 5775
344 530 365 603 Β
707 529 894 603 sumptuum
913 528 1064 589 remmia
1082 528 1265 587 usmitan.
1577 526 1647 601 0.·1,

344 742 478 823 institis,
512 743 662 808 metiatur
685 740 726 805 da
749 738 850 805 uobis.
895 740 926 805 3.
951 738 1035 817 Quid
1059 742 1165 803 autam
1189 737 1282 802 uides
1313 735 1468 801 {astutam
1499 737 1531 801 in
1554 737 1647 801 nauto

345 844 453 912 fratris
474 846 531 925 tui,
556 843 734 911 attraham
758 844 790 909 in
813 843 906 909 naulo
930 850 986 909 tun
1009 860 1072 908 unu
1095 841 1264 908 uiderit.
1289 842 1354 909 Aut
1383 841 1540 924 quomado
1564 840 1645 907 dicis

345 950 436 1017 tratri
452 954 523 1015 tun:
560 948 647 1028 Sina,
679 949 790 1015 eiciam
813 948 969 1016 festucam
992 947 1032 1013 da
1054 946 1146 1013 neuin
1169 952 1235 1027 tuo,
1265 952 1299 1013 at
1320 965 1396 1012 aare
1418 944 1519 1011 trabis
1541 946 1645 1011 estin

345 1055 435 1120 nauto
459 1056 537 1121 tun?
560 1056 591 1121 5.
616 1053 803 1137 Hypnarita,
839 1054 907 1119 eina
930 1054 1068 1134 primum
1090 1051 1213 1117 trabam
1236 1052 1276 1116 de
1298 1050 1389 1116 neuin
1412 1056 1478 1128 tun,
1512 1057 1545 1116 at
1568 1056 1644 1116 tnnc

318 1158 469 1227 -uiriabis
508 1158 662 1225 festucam
693 1159 734 1222 de
765 1158 856 1223 neuin
886 1157 996 1223 fratria
1026 1157 1082 1224 tui.
1116 1160 1147 1223 6.
1171 1156 1278 1223 Nolite
1307 1155 1385 1221 dart
1417 1161 1564 1221 sanctum
1594 1174 1645 1219 aa·

342 1264 445 1344 nibus,
477 1282 580 1348 usqua
603 1263 753 1329 miseritis
786 1263 975 1345 margaritas
997 1268 1123 1329 uestras
1153 1267 1229 1327 anta
1254 1280 1380 1343 parcns,
1405 1278 1445 1325 ua
1468 1258 1552 1326 inita
1574 1280 1646 1327 anu-

347 1370 474 1435 cultant
496 1388 550 1435 ens
574 1368 709 1451 pedibus
732 1370 800 1434 suis
823 1372 856 1435 at
880 1368 1025 1434 conuersi
1040 1367 1240 1453 disrumpant
1255 1386 1326 1433 uns.
1350 1368 1379 1431 7.
1405 1366 1518 1443 Petita,
1541 1372 1573 1432 at
1589 1366 1647 1431 dn·

345 1472 431 1539 bitur
454 1473 562 1549 uobis;
586 1474 738 1556 quaerite,
765 1478 799 1539 rt
821 1473 1001 1553 inuenietis,
1027 1473 1152 1556 pulsata
1171 1476 1205 1537 at
1218 1472 1381 1553 aperiatur
1397 1470 1499 1537 uobis.
1524 1472 1553 1537 8.
1570 1470 1645 1537 Om-

346 1580 395 1645 nis
418 1579 501 1643 anim
537 1578 590 1660 qui
615 1580 696 1661 patit
718 1580 843 1661 accipit,
869 1586 902 1643 et
923 1580 978 1662 qui
1015 1578 1141 1661 quaerit
1174 1578 1308 1657 innanit,
1342 1581 1376 1644 at
1398 1576 1538 1657 pulsanti
1570 1595 1645 1659 apa

347 1682 457 1749 riatur.
503 1683 532 1749 9.
565 1682 629 1747 Aut
658 1684 730 1767 quis
754 1702 792 1749 ax
823 1684 916 1749 uobis
946 1684 1039 1749 hnmn
1069 1703 1089 1749 a
1122 1700 1185 1765 qun
1208 1688 1297 1765 petat
1320 1681 1405 1747 filius
1429 1683 1498 1747 eius
1519 1700 1645 1763 panem,

347 1787 500 1871 numquid
524 1786 663 1869 lapidem
685 1790 822 1871 porrigit
845 1788 898 1854 ei?
924 1792 972 1855 10.
997 1791 1064 1853 Ant
1085 1788 1113 1855 si
1137 1787 1258 1871 piarem
1280 1788 1371 1869 petit,
1404 1786 1557 1868 numquid
1579 1805 1645 1851 sar·

345 1898 475 1975 pentem
500 1892 634 1976 porrigit
656 1894 709 1959 ai?
735 1896 784 1960 11.
808 1893 842 1959 Si
866 1912 941 1975 ergo
964 1912 1023 1959 uns
1046 1912 1117 1959 anm
1139 1893 1211 1959 sitis
1233 1892 1319 1972 mali,
1342 1893 1443 1958 uastis
1467 1890 1550 1957 bona
1573 1891 1647 1957 data

347 1997 423 2063 darn
445 1995 521 2063 filiis
545 1998 676 2077 nastris,
699 2000 943 2083 quantomagis
965 2004 1058 2080 pater
1080 2003 1198 2079 nester,
1223 1999 1278 2080 qui
1301 1998 1333 2062 in
1356 1998 1454 2063 anelis
1470 2002 1529 2073 est,
1555 1997 1645 2063 dabit

344 2103 427 2169 baua
459 2102 643 2185 patentibus
676 2124 721 2171 sa.
769 2108 819 2171 12.
844 2102 960 2169 Omnia
982 2124 1059 2186 argo
1082 2121 1301 2187 quantumque
1333 2102 1440 2182 uultis,
1464 2107 1502 2167 ut
1523 2101 1644 2167 iaciant

345 2210 437 2276 uobis
459 2208 602 2275 homines
626 2208 716 2289 bona,
741 2213 786 2277 ita
809 2216 842 2277 et
862 2228 921 2277 uns
943 2209 1041 2277 facita
1064 2210 1139 2277 iliis.
1166 2210 1253 2276 Haec
1276 2214 1327 2275 est
1348 2210 1432 2273 anim
1457 2208 1508 2273 tax
1527 2214 1561 2272 at
1574 2226 1645 2288 prn-

347 2315 471 2397 phataa.
492 2316 539 2381 13.
557 2314 680 2381 intrata
697 2322 936 2399 perangustum
963 2324 1102 2399 partam3
1119 2335 1214 2398 ninam
1229 2316 1296 2381 lata
1311 2321 1344 2380 et
1359 2316 1500 2399 spatiosa
1515 2319 1566 2379 ast
1581 2313 1644 2395 uia,

346 2437 428 2501 quaa
450 2420 539 2487 duait
561 2418 601 2484 ad
631 2420 856 2502 perditionem,
894 2421 1040 2487 etmulti
1063 2428 1139 2487 sunt
1167 2422 1222 2503 qui
1246 2421 1368 2485 intrant
1390 2437 1446 2501 par
1468 2438 1549 2484 anni.
1598 2420 1646 2484 14.

346 2524 446 2602 Quam
470 2528 606 2606 augusta
630 2532 724 2607 porta
747 2531 780 2591 et
804 2532 893 2593 areta
923 2534 975 2591 ast
997 2529 1061 2607 uia,
1081 2545 1163 2608 quaa
1185 2526 1276 2591 duait
1298 2525 1339 2591 ad
1362 2524 1472 2602 uitam,
1496 2531 1530 2590 et
1557 2524 1648 2605 pauni

345 2632 428 2705 sunt,
452 2627 507 2709 qui
531 2628 699 2695 inueniunt
720 2648 800 2695 eam.
838 2634 886 2699 15.
913 2631 1081 2697 Attendita
1103 2631 1194 2697 uobis
1218 2649 1238 2695 a
1261 2629 1350 2695 iaisis
1382 2628 1556 2709 prophetis,
1590 2630 1645 2711 qui

346 2731 479 2797 ueniunt
500 2730 541 2795 ad
564 2750 620 2799 uns
643 2735 676 2798 in
700 2735 818 2801 uestitu
843 2736 962 2829 auium,
997 2736 1083 2802 intus
1107 2740 1212 2800 nutam
1236 2735 1311 2799 sunt
1334 2733 1400 2814 lupi
1422 2751 1571 2815 rapanas3
1597 2736 1646 2799 16.

345 2834 539 2902 aimntibus
562 2855 672 2904 aarum
696 2839 895 2923 cognoscatis
918 2858 982 2906 aar.
1014 2837 1097 2906 Num
1120 2840 1274 2920 noitignnt
1296 2840 1337 2905 da
1359 2838 1459 2921 spinis
1483 2856 1562 2905 uuas
1586 2842 1644 2902 aut

346 2941 384 3007 da
407 2941 532 3008 tribolis
558 2941 654 3008 finus?
686 2945 734 3010 17.
758 2943 810 3010 Sia
834 2947 935 3013 numia
958 2945 1053 3010 arbnr
1077 2945 1159 3010 bana
1175 2946 1274 3010 bnans
1294 2944 1417 3010 fructus
1441 2942 1535 3022 fanit;
1560 2943 1645 3008 maia

345 3051 450 3112 antem
473 3046 568 3112 arbor
591 3046 690 3114 malos
713 3047 836 3114 fructus
859 3049 948 3116 facit.
984 3052 1033 3116 18.
1069 3047 1140 3114 Nnn
1164 3056 1270 3130 potest
1303 3048 1398 3112 arbor
1432 3049 1515 3114 bnna
1549 3048 1649 3113 malas

345 3149 468 3216 iruntns
490 3151 606 3232 iacere,
652 3172 754 3236 neque
798 3155 892 3220 arbor
937 3155 1021 3220 main
1065 3155 1165 3219 bnans
1187 3153 1310 3220 tructus
1332 3153 1447 3220 ianara
1485 3157 1533 3220 19.
1573 3151 1649 3218 Om-

346 3255 396 3320 nis
440 3275 515 3338 ergo
554 3257 660 3338 arbor,
706 3275 787 3338 quaa
832 3277 893 3323 nnn
940 3257 1019 3323 tacit
1063 3257 1200 3322 fructum
1254 3258 1378 3332 bonum,
1413 3257 1577 3324 excidetur
1616 3262 1651 3322 at

346 3360 379 3424 in
425 3359 531 3441 iguem
577 3362 732 3427 mittatur.
801 3365 852 3430 20.
908 3363 1022 3444 ltaque
1074 3381 1112 3426 ax
1165 3361 1324 3427 fructibus
1377 3381 1483 3428 aarum
1534 3382 1648 3444 anguo-

347 3464 446 3530 acetis
468 3483 533 3530 ans.
556 3469 607 3534 21.
633 3467 702 3532 Non
726 3469 895 3550 omnisqui
918 3469 1001 3534 dicit
1023 3469 1116 3534 mihi:
1141 3468 1278 3548 rlnrnina,
1301 3469 1437 3545 domine,
1462 3467 1594 3532 intrabit
1616 3468 1648 3532 in

346 3585 478 3650 ragnum
505 3569 672 3654 caelorum,
699 3573 754 3639 sed
784 3573 835 3638 his
866 3574 921 3656 qui
951 3571 1028 3638 facit
1058 3573 1255 3640 uoluntatem
1284 3574 1386 3654 patria
1417 3574 1489 3654 mai,
1524 3573 1578 3654 qui
1617 3572 1648 3634 in

348 3674 445 3740 caelis
472 3679 531 3752 ast,
555 3677 624 3758 ipsa
648 3677 783 3743 intrabit
806 3680 838 3742 iu
863 3697 993 3760 regnum
1018 3663 1186 3744 naelnru'm.
1235 3681 1285 3742 22.
1321 3677 1415 3742 Multi
1440 3677 1517 3740 mihi
1541 3677 1649 3741 dicant

346 3777 379 3842 in
403 3777 456 3842 ilia
481 3779 548 3844 dia:
574 3781 708 3856 domiue,
735 3781 871 3863 domina,
897 3802 959 3848 nou
976 3803 1018 3848 na
1034 3785 1066 3848 in
1084 3786 1211 3849 nomine
1235 3788 1290 3847 tuo
1311 3781 1582 3862 prophetanimus,
1615 3786 1650 3846 et

346 3882 377 3946 in
402 3884 528 3948 nomina
561 3889 617 3950 tun
648 3885 814 3952 daemonia
837 3889 998 3968 eiecimus,
1031 3895 1065 3953 at
1088 3889 1120 3953 in
1143 3893 1198 3952 tun
1223 3887 1348 3950 uomina
1372 3888 1507 3951 uirtutes
1530 3885 1648 3952 multas

345 3985 501 4052 secunus?
526 3990 576 4056 23.
601 3990 645 4055 Et
668 3995 744 4058 tuna
768 3993 878 4059 iurabo
902 3994 985 4060 iilis:
1009 3993 1086 4076 qnia
1109 4012 1172 4058 nnn
1194 3992 1268 4058 nobi
1293 4010 1368 4069 uns;
1393 3991 1549 4057 discedite
1565 4011 1649 4056 ama

345 4214 415 4264 man
439 4198 518 4262 haee
540 4204 573 4264 at
595 4199 732 4280 sanitas,
755 4202 868 4268 similis
892 4211 942 4268 est
966 4205 1035 4268 nira
1066 4204 1212 4284 sapienti,
1236 4202 1291 4284 qni
1314 4199 1497 4266 aedificnuit
1523 4201 1649 4266 domum

346 4321 435 4368 suam
465 4321 563 4385 supra
596 4312 738 4387 patram;
784 4307 835 4372 25.
866 4309 1034 4374 descendit
1057 4306 1176 4391 plubia,
1200 4307 1360 4373 flauarnnt
1383 4308 1482 4383 nanti,
1507 4306 1647 4372 aduena-

346 4410 418 4472 raut
439 4405 578 4488 flumina,
602 4413 636 4474 et
658 4409 856 4478 offenderunt
879 4416 913 4478 iu
936 4414 1062 4480 domum
1087 4414 1184 4491 illam,
1208 4418 1241 4478 at
1266 4431 1327 4477 nnn
1354 4411 1483 4490 canidit3
1517 4410 1652 4476 fundata

346 4514 522 4578 eratenim
547 4533 645 4596 super
667 4523 799 4598 petram.
825 4521 875 4584 26.
902 4519 945 4583 Et
968 4521 1070 4585 omnis
1093 4521 1148 4601 qui
1186 4519 1277 4584 audit
1298 4517 1400 4582 narba
1423 4537 1493 4582 maa
1516 4517 1652 4582 haeret

346 4635 408 4682 nnn
432 4617 510 4684 sanit
525 4636 573 4699 aa,
597 4619 711 4686 similis
728 4629 777 4687 est
792 4625 861 4688 uiro
885 4624 995 4702 stultu,
1019 4623 1270 4707 quiaediiiaabit
1294 4623 1420 4688 domum
1443 4641 1533 4688 snam
1554 4639 1650 4702 supra

347 4717 513 4800 harauam3
547 4723 599 4791 21.
624 4725 790 4794 descendit
822 4727 943 4811 pluuia,
967 4728 1127 4796 flanarunt
1158 4730 1256 4808 nanti,
1288 4730 1488 4795 adueneruut
1517 4726 1650 4791 flumina

347 4837 380 4894 at
402 4823 606 4896 afferrdnrnut
627 4830 660 4896 iu
684 4832 809 4898 domurn
833 4833 933 4915 itiam,
966 4840 1000 4902 et
1030 4835 1159 4916 cecidit,
1194 4841 1228 4902 at
1261 4835 1347 4903 tauta
1381 4840 1432 4902 ast
1453 4834 1546 4900 ruina
1579 4831 1650 4900 aius
