3625 5775
194 542 223 598 c,
241 550 266 597 2,
566 540 742 610 liurxogelium
763 539 912 595 secundum
931 540 1094 594 dobannem.
1450 543 1493 605 45

194 756 253 821 tibi
265 755 345 820 dixi:
371 755 505 835 eoquod
525 754 658 818 uiderim
675 756 706 819 to
723 754 781 818 sub
800 752 915 817 arbore
933 751 1077 830 liculnea,
1093 753 1213 831 credis3
1241 753 1360 815 rumora
1377 749 1488 814 horum

197 859 331 926 uidebis
377 861 428 927 51.
453 859 496 924 Et
519 859 600 923 dixit
623 858 669 924 ei:
707 860 803 923 dureo
835 877 928 923 anien
953 859 1030 923 >dico
1055 858 1164 923 uobis:
1197 857 1348 923 uidebitis
1371 855 1492 922 caelum

196 972 339 1048 opertum
363 970 396 1030 et
418 965 548 1047 angelos
573 964 622 1029 dei
647 965 854 1029 ascendentes
871 970 902 1029 01
919 963 1148 1029 descendentes
1172 964 1211 1027 ad
1229 961 1328 1027 filium
1348 963 1494 1028 bominis.

298 1172 344 1241 11.
367 1177 390 1239 l.
416 1174 457 1239 Et
471 1174 567 1239 tertio
591 1174 642 1239 die
660 1175 789 1257 nuptiae
806 1174 910 1239 sactae
934 1180 1008 1239 suut
1024 1174 1056 1238 io
1071 1170 1156 1236 Cana
1170 1170 1343 1251 Galilaeae,
1367 1177 1399 1236 01
1424 1175 1494 1235 0101

196 1280 240 1345 ibi
265 1279 467 1345 1001011000
517 1282 545 1343 2.
571 1277 730 1344 Inuitatus
760 1285 811 1344 est
833 1285 941 1345 alitem
972 1284 1005 1344 et
1027 1279 1122 1343 lesus
1145 1296 1214 1343 eum
1239 1277 1406 1360 discipulis
1429 1278 1496 1343 suis

197 1384 237 1449 ad
262 1386 399 1467 nuptias.
439 1386 466 1449 3.
492 1384 535 1449 Et
560 1386 667 1449 uiuum
692 1404 751 1448 uon
777 1385 948 1464 bubebuut,
974 1384 1123 1466 quoniam
1146 1380 1269 1447 linitum
1293 1387 1363 1447 erut
1385 1382 1495 1447 uiuum

197 1490 390 1571 nuptiarum.
415 1488 458 1553 Et
483 1488 561 1553 dicit
585 1494 684 1554 mater
707 1490 784 1557 Jcsu
809 1492 848 1555 ad
875 1492 993 1573 ipsum:
1020 1489 1138 1554 Uinum
1162 1507 1224 1553 nou
1248 1488 1375 1553 habent.
1399 1490 1429 1553 l.
1454 1489 1496 1553 llt

198 1594 279 1659 dixit
300 1594 330 1659 ei
353 1593 464 1659 Jesus:
490 1592 566 1675 quid
591 1594 666 1659 inibi
690 1602 724 1660 01
746 1596 803 1661 tibi
827 1601 878 1661 est
901 1595 1036 1659 mulier?
1060 1591 1199 1658 nondum
1217 1593 1305 1658 uenit
1321 1592 1399 1657 hora
1416 1611 1494 1657 mro.

197 1702 227 1766 5.
263 1698 350 1763 Dicit
388 1704 490 1763 mater
528 1698 597 1763 eius
633 1700 803 1766 ministris:
842 1702 1062 1781 ‹prodeumque
1096 1700 1188 1765 uubis
1226 1699 1350 1777 dixerit,
1389 1698 1494 1763 lucite.

199 1808 228 1869 o'.
252 1802 354 1868 Erant
377 1808 483 1867 autem
507 1802 551 1867 ibi
575 1804 697 1885 positae
721 1804 846 1869 lridrioe
870 1804 1017 1887 lapideae
1040 1804 1214 1871 secundum
1244 1804 1496 1887 pruilicationem

199 1909 395 1975 durlaeorum
431 1908 595 1989 cupientes
628 1910 719 1975 binus
751 1911 801 1979 ciel
826 1917 943 1976 ternas.
983 1912 1012 1975 1.
1037 1911 1090 1975 Ait
1117 1910 1181 1977 illis
1204 1910 1317 1976 lesus:
1363 1910 1497 1992 Implete

202 2015 332 2097 hydrius
357 2032 480 2095 uqcram.
504 2014 547 2079 Et
570 2014 784 2096 impleberunt
803 2035 858 2082 eos
876 2035 978 2099 usque
1005 2036 1140 2083 sursum.
1165 2019 1194 2083 8.
1220 2018 1274 2080 nu
1297 2016 1361 2081 illis
1383 2015 1496 2081 lesus:

201 2120 314 2185 diluite
338 2137 420 2183 nunc
443 2124 476 2183 et
499 2118 581 2184 ferte
604 2120 821 2187 arcitriclinio.
863 2121 904 2186 Et
928 2121 1113 2190 attulerunt.
1151 2124 1180 2188 u.
1204 2122 1254 2186 nd
1278 2120 1331 2186 ubi
1356 2120 1499 2203 gustabit

199 2222 428 2290 arcitriclinius
459 2240 573 2304 aquam
606 2225 714 2289 uinum
746 2225 862 2291 luctam
886 2231 921 2291 et
943 2226 1106 2293 nesciebat
1127 2226 1211 2291 uude
1235 2230 1330 2306 esset,
1360 2226 1497 2290 ministri

199 2335 306 2395 autem
331 2328 482 2405 sciebant,
507 2328 561 2408 qui
585 2329 751 2394 aurierant
773 2350 898 2411 aquam,
922 2329 1497 2409 01011001001001010,101ι·01)011101;

199 2436 329 2500 uocauit
359 2436 465 2497 autem
494 2450 643 2514 sponsum
676 2434 901 2500 arcitriclinius
932 2440 966 2501 et
996 2436 1076 2502 dixit
1105 2440 1150 2500 ei:
1198 2436 1245 2500 10.
1271 2433 1381 2500 Omnis
1405 2434 1497 2498 hono

200 2538 356 2622 inprimis
371 2538 486 2602 bouum
499 2536 606 2603 binum
622 2540 727 2621 pouit;
745 2546 859 2605 etcum
875 2540 1024 2607 inebriati
1046 2540 1175 2623 fuerint,
1192 2547 1268 2605 tunc
1292 2536 1476 2605 infimiorem
1491 2558 1498 2616 3

200 2651 233 2710 tu
258 2649 363 2709 autem
388 2642 523 2707 serbasti
547 2642 661 2707 boumn
679 2644 786 2709 uiuum
812 2664 913 2727 usque
936 2646 1038 2712 mode.
1068 2648 1114 2711 11.
1129 2645 1196 2711 Hoc
1213 2648 1347 2727 primum
1372 2643 1497 2726 signum

201 2749 277 2815 lecit
301 2748 398 2814 Jesus
430 2748 461 2812 in
486 2745 573 2811 Cana
597 2746 763 2815 Galilaeae
787 2756 819 2815 et
843 2750 1061 2816 nmmlestauit
1084 2750 1236 2815 honorem
1259 2769 1349 2814 summ
1375 2755 1407 2812 et
1431 2765 1498 2812 cre·

202 2854 353 2922 dideront
375 2854 408 2918 in
432 2870 503 2918 eum
527 2852 675 2936 discipuli
700 2855 757 2920 sui.
788 2856 835 2922 lt.
861 2854 937 2922 Post
959 2856 1038 2922 baec
1063 2854 1228 2922 descendit
1251 2854 1284 2920 in
1309 2851 1500 2920 Cufruuaum

202 2964 270 3044 ipse
305 2967 337 3024 et
371 2965 471 3024 mater
504 2958 574 3023 eius
608 2964 641 3024 ct
670 2959 785 3026 iratres
817 2961 895 3040 eius,
932 2966 966 3026 et
988 2962 1030 3027 ibi
1055 2962 1171 3028 mnnsit
1193 2980 1254 3026 nou
1282 2959 1397 3023 multos
1421 2959 1500 3022 dies.

204 3071 253 3132 13.
280 3066 322 3131 llt
347 3064 377 3128 in
402 3063 543 3147 proximo
567 3070 636 3128 erat
658 3065 777 3148 puscbo
799 3065 1004 3132 ludaeorum.
1042 3069 1088 3132 14.
1115 3066 1157 3130 111
1178 3065 1325 3132 ascendit
1346 3064 1444 3128 Jesus
1468 3063 1499 3127 io

205 3168 432 3252 Hierosolymis
468 3173 500 3232 01
534 3168 658 3234 inuenit
683 3170 715 3234 iu
749 3170 878 3254 templo,
910 3170 1087 3237 uendentes
1116 3173 1216 3236 boues
1239 3176 1272 3236 et
1295 3189 1371 3236 oues
1394 3173 1427 3232 et
1449 3187 1501 3233 co·

203 3277 326 3342 lornbss
361 3279 393 3339 et
428 3273 654 3340 nummularios
689 3275 847 3341 sedentes.
894 3277 943 3342 15.
967 3277 1010 3342 Et
1040 3275 1118 3344 lecit
1151 3277 1240 3360 quusi
1271 3273 1430 3358 flagellum
1461 3275 1500 3340 de

204 3381 344 3449 restibus
369 3382 403 3444 et
425 3396 533 3444 omnes
556 3380 651 3444 eiecit
675 3379 715 3445 de
728 3381 844 3464 templo
872 3401 948 3447 oues
977 3401 1103 3465 quoque
1125 3387 1158 3448 et
1180 3381 1279 3448 boues
1305 3384 1337 3446 et
1358 3399 1500 3446 nummu·

207 3486 361 3553 lariorum
397 3481 531 3548 effundit
561 3502 704 3550 nummos
739 3491 771 3552 01
804 3505 929 3552 nrensas
957 3506 1067 3553 eorum
1097 3485 1223 3553 euertit.
1274 3488 1321 3553 16.
1357 3486 1399 3550 Ε1
1423 3484 1503 3550 dixit

206 3588 420 3658 uendentibus
443 3586 621 3653 columbas:
646 3588 762 3656 Tollite
785 3591 849 3658 ista
870 3591 953 3669 hinc,
970 3598 1002 3658 et
1025 3593 1122 3659 nolite
1138 3592 1242 3657 lacere
1260 3593 1385 3656 domum
1402 3591 1503 3673 patris

203 3698 265 3763 mei
289 3696 415 3761 domum
440 3693 670 3772 negotiationis.
700 3697 747 3760 17.
774 3697 1014 3763 Rememoratus
1038 3704 1088 3762 cst
1110 3703 1216 3762 autem
1233 3697 1410 3779 discipulus
1433 3695 1502 3761 eius

203 3801 352 3887 quoniam
369 3800 601 3882 scriptumest:
627 3800 722 3868 Zelus
739 3802 849 3867 domus
866 3807 940 3868 tuae
956 3803 1095 3868 comedit
1112 3823 1169 3867 ure
1192 3805 1240 3868 18.
1257 3801 1499 3882 Responderunt

204 3909 234 3974 ri
257 3905 371 3972 ludaei
392 3895 429 3970 'et
451 3903 615 3969 dixerunt:
641 3905 724 3986 quod
747 3907 873 3990 signum
897 3908 1040 3973 ostendis
1063 3907 1163 3988 nobie,
1188 3907 1273 3990 quud
1297 3906 1374 3971 baec
1397 3905 1501 3971 lacis?

207 4015 255 4080 19.
280 4009 457 4095 ltcspoudit
486 4007 582 4074 lesus
613 4015 645 4075 et
668 4010 747 4077 dixit
772 4012 833 4076 eis:
868 4012 984 4078 soluite
1015 4013 1075 4078 hoc
1097 4013 1261 4095 templum,
1285 4017 1316 4077 et
1340 4013 1371 4076 in
1394 4010 1502 4076 triduo

205 4118 283 4187 illud
315 4113 485 4183 suscitabo.
534 4117 583 4181 20.
620 4117 777 4183 llixeruut
800 4137 874 4200 ergo
897 4117 1035 4184 ludaei:
1068 4117 1125 4182 XL
1149 4124 1181 4182 01
1207 4116 1249 4183 ll
1271 4119 1363 4182 anuis
1390 4115 1503 4182 aedifi-

205 4230 309 4292 catum
344 4227 394 4286 est
425 4219 483 4284 hoc
516 4220 676 4302 templum,
709 4228 742 4287 01
765 4227 799 4288 10
824 4225 856 4288 10
879 4224 987 4288 triduo
1012 4223 1184 4288 resuscitas
1219 4221 1322 4288 illud?
1367 4221 1504 4286 211110

204 4335 312 4400 autem
345 4324 471 4391 dicebat
508 4325 547 4391 de
581 4328 699 4410 templo
739 4329 880 4411 corporis
918 4329 977 4395 sui.
1025 4333 1076 4396 22.
1116 4328 1194 4394 Cum
1233 4347 1307 4409 ergo
1330 4329 1504 4392 resurrexit

206 4432 392 4510 amortuis
428 4431 630 4496 rememorati
666 4437 737 4499 sunt
761 4435 909 4518 discipuli
933 4435 1011 4513 eius,
1046 4433 1195 4516 quoniam
1229 4432 1289 4499 huc
1312 4432 1447 4509 dicebat,
1471 4437 1504 4496 et

207 4541 413 4611 crediderunt
437 4536 617 4619 scripturae
640 4545 673 4606 et
696 4541 802 4621 uerbo,
828 4541 912 4623 quod
936 4539 1061 4604 dixerut
1082 4538 1188 4604 lesus.
1221 4539 1273 4603 23.
1298 4536 1376 4602 Cum
1399 4543 1506 4601 autem

207 4653 293 4717 essct
316 4647 348 4710 in
382 4641 610 4726 Hierosolymis
643 4647 675 4710 in
699 4648 781 4712 diem
812 4646 929 4712 testum
952 4645 1098 4727 paschae,
1125 4643 1217 4709 multi
1247 4643 1453 4708 crediderunt
1474 4642 1507 4706 iu

208 4753 334 4821 nomine
376 4747 455 4828 eius,
491 4748 639 4816 uidentes
670 4751 769 4836 signa,
802 4771 883 4834 quae
918 4750 1065 4817 faciebat.
1112 4753 1163 4816 24.
1188 4749 1260 4832 lpse
1283 4751 1389 4814 autem
1412 4747 1508 4813 lesus

208 4877 268 4925 nou
292 4851 429 4922 credidit
452 4865 487 4914 se
512 4851 569 4932 eis,
603 4856 747 4939 eoquod
782 4857 879 4924 sciret
914 4874 1022 4922 ourncs
1061 4855 1111 4920 25.
1137 4859 1168 4920 et
1192 4854 1266 4935 quia
1293 4872 1354 4920 uon
1376 4870 1508 4917 necesse
