3625 5775
348 516 392 581 30
727 510 907 579 Euangelium
927 510 1079 567 secundnm
1098 511 1278 567 hialthreurn.
1558 516 1588 569 G.
1609 525 1659 570 21.

352 724 402 791 35.
428 724 471 789 ut
486 724 588 789 cclcni
604 721 813 807 adprehensis
829 721 951 788 seruis:
970 742 1067 791 arnum
1084 723 1276 803 cecideruut,
1293 724 1390 789 aliuur
1407 731 1512 791 autem
1529 724 1660 807 lapida-

349 833 474 905 uerunt,
505 828 603 895 alium
626 846 703 895 uero
727 827 921 893 occiderunt.
956 829 1007 895 36.
1032 828 1152 895 lterum
1176 830 1263 895 misit
1287 829 1367 895 alies
1400 848 1510 897 seruos
1541 830 1661 915 plures

349 931 520 1016 prioribus,
543 938 577 998 et
599 931 744 999 iecerunt
765 932 833 999 illis
856 932 1017 1001 similiter.
1040 936 1092 1001 3i.
1117 933 1301 1001 Nouissime
1324 940 1431 1001 autem
1446 937 1534 1003 misit
1551 936 1661 1001 filium

349 1058 440 1105 suum
463 1038 590 1103 unicum
614 1038 744 1105 dicens:
768 1036 926 1105 Forsitam
950 1038 1149 1105 uerebantur·
1171 1038 1271 1103 filium
1295 1038 1428 1105 mcum?
1462 1042 1513 1107 38.
1538 1038 1659 1106 Coloni

349 1150 454 1209 autem
479 1144 626 1211 uidentes
650 1142 749 1209 tilium
780 1142 929 1210 dixerunt
952 1144 1037 1209 intra
1059 1162 1110 1209 se:
1143 1142 1206 1210 Hic
1228 1149 1278 1209 cst
1302 1144 1406 1222 heres,
1438 1146 1545 1212 uenite
1567 1147 1660 1212 ucci-

350 1248 462 1315 damus
486 1268 568 1329 eum,
592 1256 625 1315 et
647 1249 834 1316 habebimus
858 1248 1068 1317 hereditatem
1086 1248 1163 1315 eius.
1188 1250 1242 1317 39.
1265 1249 1309 1315 Et
1324 1249 1558 1331 adprehensum
1576 1270 1657 1317 curu

351 1354 537 1421 occiderunt
559 1358 593 1419 et
615 1355 761 1421 eicerunt
784 1358 875 1419 extra
899 1354 1033 1421 uincam.
1066 1355 1118 1421 40.
1145 1351 1224 1419 Cum
1248 1372 1324 1437 ergo
1357 1355 1480 1423 uenerit
1502 1354 1659 1421 domiuus

350 1461 471 1540 uineae,
488 1460 565 1543 quid
579 1460 678 1527 faciet
700 1460 821 1525 coluriis
839 1458 927 1524 illia?
949 1461 1002 1527 41.
1027 1458 1125 1525 diunt
1140 1458 1206 1525 illi:
1239 1459 1344 1525 Malos
1366 1459 1449 1527 male
1471 1460 1595 1541 perdet,
1618 1466 1660 1525 et

350 1566 476 1630 uincam
500 1585 589 1631 suam
615 1566 734 1631 locauit
755 1564 831 1631 aliis
853 1564 983 1645 colonia,
1019 1563 1073 1649 qui
1097 1564 1232 1630 reddent
1254 1564 1284 1629 ci
1307 1564 1430 1629 fructus
1452 1563 1657 1646 temporibus

350 1672 426 1736 auis.
450 1672 501 1736 42.
526 1671 614 1737 Dicit
638 1670 702 1737 illis
724 1671 838 1736 lesus:
874 1688 1046 1751 numquam
1070 1670 1194 1751 legistis
1217 1668 1250 1735 in
1274 1668 1459 1751 scripturis:
1496 1668 1655 1752 Lapidem

349 1793 443 1859 quem
474 1774 726 1857 reprobauerunt
760 1773 977 1856 aedificantes,
1010 1774 1064 1841 hic
1098 1774 1203 1843 iactus
1241 1778 1290 1843 est
1325 1775 1357 1840 iu
1389 1779 1486 1857 caput
1518 1774 1655 1859 anguli?

348 1882 376 1945 Α
400 1880 528 1946 dominc
552 1880 654 1945 iactus
678 1884 728 1945 est
751 1880 813 1944 iste
844 1885 878 1945 et
901 1883 951 1945 est
974 1876 1129 1947 mirabilis
1161 1878 1192 1945 in
1216 1878 1318 1947 cculia
1348 1882 1489 1947 nostris?
1523 1882 1576 1947 41.
1600 1882 1655 1947 lta

350 1985 420 2051 dicu
445 1986 553 2052 uobis!
576 1985 653 2068 quia
676 1984 840 2049 auferetur
870 1984 1004 2050 euobis
1028 2002 1160 2065 reguum
1192 1984 1254 2065 dei,
1278 1990 1312 2051 et
1334 1984 1462 2053 dabitur
1491 1986 1578 2069 genti
1602 1985 1651 2050 ia·

349 2091 444 2157 ciculi
467 2091 605 2156 fructum
629 2091 708 2156 eius.
734 2090 791 2173 (44
806 2090 930 2171 omiss.)
954 2090 1007 2157 45.
1031 2090 1160 2155 Etcum
1184 2090 1351 2157 audissent
1366 2089 1529 2174 principes
1544 2109 1650 2155 sacer-

353 2196 460 2261 dotum
485 2201 518 2261 et
541 2195 705 2263 Pharisaei
730 2194 902 2277 parabolas
925 2194 1004 2275 eius,
1029 2200 1250 2277 cognouerunt
1281 2195 1365 2278 quud
1397 2196 1538 2277 deipsis
1561 2196 1649 2261 dicit.

349 2301 401 2366 46.
425 2300 469 2367 Et
491 2306 681 2383 quaerentes
703 2318 776 2366 eum
800 2304 921 2384 tenere,
944 2300 1120 2367 timuerunt
1143 2299 1282 2383 turbam,
1307 2300 1456 2383 queniam
1479 2302 1565 2367 sicut
1579 2319 1649 2383 pra

350 2406 477 2475 ubetem
501 2424 572 2472 eum
594 2404 763 2472 habebant.

457 2612 576 2682 xxrl.
606 2620 631 2680 1.
664 2616 705 2680 Et
738 2614 939 2698 respondens
967 2614 1063 2681 lesus
1094 2614 1174 2681 dixit
1196 2614 1259 2679 illis
1282 2615 1398 2681 iterum
1431 2615 1462 2679 in
1488 2615 1650 2697 parabolis
1774 2624 1775 2629 ’

349 2720 481 2785 diceus:
506 2722 536 2787 2.
560 2720 670 2785 Simile
693 2724 746 2786 est
768 2738 900 2804 reguum
925 2721 1084 2787 caelorum
1108 2720 1226 2787 homini
1250 2722 1328 2803 regi,
1351 2722 1405 2803 qui
1422 2718 1499 2786 iecit
1521 2722 1650 2803 nuptias

350 2822 415 2890 tilio
445 2842 511 2892 suc.
545 2828 575 2893 3.
599 2826 642 2892 Et
673 2825 761 2892 misit
791 2843 906 2892 seruos
941 2843 1015 2894 suns
1048 2844 1163 2893 uacare
1195 2826 1346 2892 inuitatos
1376 2826 1417 2891 ad
1446 2826 1586 2908 nuptias,
1617 2829 1651 2890 et

349 2932 522 2996 uoluerunt
537 2934 657 2998 uenire.
682 2932 803 2997 Iterum
817 2932 904 2997 misit
919 2932 999 2997 alios
1014 2949 1136 3016 seruos,
1153 2931 1281 2998 dicens:
1305 2933 1335 2996 4.
1361 2931 1466 2998 Dicite
1481 2930 1648 2997 inuitatis:
1773 2961 1774 3034 .

349 3036 433 3102 Ecce
456 3038 625 3119 prandium
648 3055 753 3102 meum
777 3037 899 3119 paraui,
922 3037 1003 3102 tauri
1027 3043 1060 3104 et
1083 3037 1227 3118 saginata
1249 3036 1356 3102 ccctisa
1388 3040 1463 3100 sunt
1484 3042 1517 3102 et
1541 3035 1649 3101 cmuia

350 3147 463 3224 parata
486 3147 581 3221 suut,
605 3142 712 3207 uenite
734 3142 776 3207 ad
792 3142 930 3224 nuptias.
955 3143 982 3208 5.
1010 3141 1061 3208 1111
1078 3147 1183 3208 autem
1206 3141 1417 3222 neglexerunt
1440 3144 1473 3204 et
1488 3141 1650 3216 abierunt,

348 3244 404 3309 alii
429 3247 459 3310 iu
477 3246 584 3312 uillam
608 3265 709 3326 suam,
733 3245 787 3312 alii
812 3263 890 3311 uere
913 3245 953 3312 ad
977 3246 1214 3330 reputationem
1237 3263 1345 3324 suam;
1379 3247 1409 3311 6.
1433 3245 1548 3328 reliqui
1572 3263 1650 3312 uero

350 3355 522 3417 tenuerunt
552 3370 665 3419 seruos
687 3352 768 3434 eius,
791 3356 825 3416 et
848 3350 1040 3417 contumelia
1060 3349 1205 3418 adfectos
1227 3349 1424 3416 occiderunt.
1455 3351 1484 3414 i.
1509 3348 1568 3415 Ille
1592 3368 1651 3414 rex

350 3474 421 3521 cum
444 3457 597 3534 audisset,
628 3458 730 3523 iratus
752 3461 803 3523 est
832 3461 865 3522 et
887 3457 975 3523 misit
997 3457 1171 3524 exercitum
1196 3473 1298 3530 suum,
1330 3461 1362 3520 et
1388 3455 1527 3536 perdidit
1549 3455 1650 3521 homi-

349 3562 438 3627 cidas
469 3562 542 3628 illas
574 3569 607 3628 et
637 3563 800 3628 ciuitatem
833 3561 961 3630 illorum
993 3561 1167 3630 succendit.
1200 3563 1229 3626 8.
1253 3559 1340 3626 Tunc
1371 3561 1417 3626 ait
1438 3561 1541 3626 seruis
1565 3563 1650 3626 suis:

351 3665 489 3749 Nuptiae
519 3667 647 3750 quidem
680 3672 813 3751 paratae
842 3675 927 3747 sunt,
963 3667 1019 3734 sed
1054 3667 1108 3748 qui
1139 3673 1231 3732 erant
1254 3665 1390 3748 inuitati,
1424 3684 1485 3730 uon
1520 3665 1652 3732 luerunt

349 3770 448 3852 digni.
472 3773 501 3835 9.
526 3772 574 3836 lte
596 3792 671 3856 ergo
694 3771 735 3838 ad
751 3772 858 3838 exitus
874 3773 1009 3851 uiarum,
1033 3777 1066 3840 et
1080 3788 1295 3855 quascumque
1312 3772 1512 3850 inueneritis,
1536 3777 1651 3838 uocate

350 3878 391 3941 ad
415 3879 553 3960 nuptias.
590 3882 637 3944 10.
661 3878 704 3944 Et
726 3879 846 3961 egressi
869 3877 955 3943 serui
979 3879 1048 3944 eiua
1073 3878 1104 3944 in
1129 3877 1209 3960 uias,
1240 3881 1517 3960 congregaueruut
1540 3893 1651 3942 omues

351 3983 434 4064 quud
450 3983 535 4066 quud
551 3985 756 4066 inuenerunt,
772 3983 872 4049 malos
889 3987 923 4048 et
936 3983 1047 4068 honos,
1062 3985 1094 4048 et
1110 3980 1261 4063 impletae
1277 3985 1352 4046 suut
1367 3980 1498 4062 nuptiae
1514 3981 1650 4046 ‹liscum-

349 4089 501 4154 bentium.
529 4092 577 4154 ll.
602 4088 739 4154 intrauit
761 4094 868 4154 autem
883 4105 957 4153 rex:
982 4093 1017 4152 ut
1042 4087 1165 4154 uideret
1188 4085 1434 4164 discumbentes,
1451 4088 1484 4150 et
1507 4084 1588 4150 uidit
1606 4086 1649 4150 ibi

349 4193 506 4260 hominem
530 4210 591 4258 non
609 4194 760 4259 uestitum
786 4198 907 4259 uestem
930 4193 1113 4274 nuptialem.
1140 4194 1189 4258 12.
1213 4190 1256 4256 Et
1278 4191 1323 4257 ait
1346 4189 1409 4256 illi:
1435 4191 1556 4271 Amice,
1571 4209 1649 4272 que

350 4299 442 4364 unedo
465 4299 525 4364 hcc
548 4299 666 4364 uenisti
700 4317 762 4364 nan
786 4297 906 4364 habens
937 4297 1162 4366 uestimentum
1196 4294 1395 4378 nrrptialem?
1431 4296 1477 4360 ad
1509 4296 1563 4360 ille
1593 4295 1648 4360 nb-

350 4405 474 4469 mutuit.
503 4407 548 4470 13.
574 4403 661 4469 Tunc
684 4403 764 4468 dixit
781 4422 837 4468 rex
864 4403 1039 4468 ministris:
1061 4403 1177 4470 Tollite
1200 4401 1288 4466 illum
1305 4401 1440 4482 pedibus
1455 4406 1489 4465 et
1503 4400 1649 4467 manibus

349 4515 382 4574 et
404 4509 523 4575 mittite
554 4509 585 4574 iu
609 4509 760 4575 tenebras
790 4509 982 4586 exteriorem
1019 4507 1061 4572 ibi
1087 4508 1150 4574 erit
1173 4504 1266 4572 fletus
1289 4511 1322 4570 et
1344 4506 1464 4570 stridor
1497 4505 1648 4572 dentium.

350 4615 400 4680 14.
426 4613 517 4680 hlulli
548 4619 655 4679 autem
686 4619 761 4679 suut
793 4613 908 4692 uocati,
943 4614 1035 4694 pauci
1070 4631 1147 4676 uere
1178 4611 1280 4676 electi.
1321 4611 1367 4676 15.
1392 4610 1481 4676 Tunc
1503 4609 1649 4680 abierunt

349 4718 524 4799 Pharisaei,
549 4725 583 4784 et
600 4719 767 4785 consilium
790 4722 986 4798 acceperunt
1001 4721 1037 4782 ut
1052 4721 1203 4799 caperent
1218 4734 1290 4780 eum
1309 4714 1338 4778 in
1356 4734 1511 4781 seriumne.
1540 4718 1588 4782 16.
1605 4716 1649 4781 Et
1769 4705 1770 4712 '

350 4823 480 4889 mittunt
512 4822 687 4906 discipulos
715 4839 791 4888 auos
814 4839 882 4886 cum
911 4819 1104 4888 Herodianis
1128 4819 1288 4886 dicentes:
1328 4817 1490 4902 hiagiater,
1520 4819 1648 4904 scimus,
