3625 5775
200 560 228 618 ὓ.
248 568 272 618 t.
552 560 735 631 Euangeliou
754 556 905 617 secundum
923 558 1110 617 Matthaaum
1465 562 1502 631 11

201 773 268 837 saei
292 771 470 837 ieiunemus
493 770 689 856 frequenter,
715 773 861 854 discipuli
885 777 993 838 autem
1017 772 1064 838 tui
1087 790 1149 837 non
1173 772 1341 839 ieiunant?
1387 771 1435 838 15.
1458 770 1502 839 ut

200 878 246 943 ait
268 876 332 942 illis
353 875 465 944 Jasus:
512 876 839 962 Numquidpossunt
867 876 912 943 iili
944 878 1053 962 sponsi
1084 878 1227 945 ieiunare
1254 878 1406 960 quamdiu
1432 896 1503 943 curu

200 980 264 1063 illis
287 984 337 1046 est
359 982 518 1063 sponsus?
546 982 686 1048 Uenient
708 988 814 1051 autem
837 982 918 1066 dies,
943 1002 1014 1049 curn
1038 982 1203 1051 auferetur
1225 983 1265 1050 ab
1287 983 1335 1049 eis
1357 1000 1504 1067 sponsus,

205 1089 238 1150 et
260 1090 337 1151 tunc
353 1084 541 1152 ieiunubunt
556 1086 588 1153 io
603 1087 669 1153 illis
685 1088 809 1155 diebus.
837 1090 885 1155 16.
910 1088 1010 1154 Nemo
1026 1094 1132 1155 autem
1150 1090 1319 1155 committit
1335 1088 1505 1155 scissuram

202 1193 296 1273 pauni
314 1193 403 1256 rudis
419 1188 450 1257 in
468 1192 691 1260 uestimentum
710 1200 822 1269 uetus;
847 1193 934 1259 tollit
949 1194 1033 1260 enirn
1049 1193 1270 1260 fortitudinem
1286 1194 1357 1259 aius
1372 1212 1391 1258 a
1408 1193 1506 1259 uesti-

199 1304 317 1378 mento,
341 1303 375 1363 et
399 1299 488 1379 peior
510 1294 546 1363 fit
561 1298 712 1365 scissura.
740 1301 787 1365 l'l.
813 1296 925 1381 Neque
947 1298 1078 1365 mittunt
1101 1300 1210 1365 uinum
1226 1318 1342 1366 nouum
1367 1298 1400 1363 in
1411 1299 1501 1363 utres

201 1407 337 1485 ueteres,
361 1402 503 1485 alioquin
526 1409 714 1487 rumpentur
737 1408 835 1484 utres,
860 1410 892 1470 et
908 1406 1018 1471 uiuum
1036 1403 1226 1484 affundetur,
1250 1410 1284 1469 61
1306 1409 1396 1469 utres
1418 1402 1503 1485 peri·

200 1506 289 1574 bunt.
313 1505 376 1572 Sed
398 1506 506 1573 uinum
528 1526 643 1575 nouum
667 1508 699 1575 iu
715 1514 804 1575 utres
827 1527 928 1576 nouos
951 1511 1091 1589 mittunt,
1115 1514 1150 1574 et
1170 1507 1264 1575 ambo
1278 1509 1500 1575 testabantur.

204 1614 252 1679 18.
284 1612 373 1677 Haec
400 1612 455 1678 illo
479 1614 630 1696 loquente
653 1614 692 1680 ad
716 1632 782 1699 eos,
814 1632 889 1680 acce
920 1614 1069 1698 princeps
1092 1633 1175 1681 unus
1203 1614 1346 1693 accessit,
1378 1614 1504 1680 nomine

204 1715 325 1799 laicus,
349 1723 381 1783 et
397 1719 633 1785 adorabateum
651 1718 777 1787 dicens:
802 1718 867 1785 lilio
882 1737 953 1786 mea
975 1720 1070 1786 modo
1086 1718 1238 1785 defuncta
1257 1725 1323 1795 est;
1346 1719 1404 1785 sed
1419 1718 1504 1802 ueni,

200 1823 325 1906 impone
348 1840 474 1889 manum
496 1842 688 1907 supeream,
712 1829 746 1891 et
762 1824 860 1891 uiuet.
887 1826 938 1891 19.
963 1826 1006 1890 Et
1021 1842 1156 1909 surgens
1179 1824 1286 1906 Jesus,
1310 1823 1506 1907 sequebatur

203 1944 275 1993 eum
299 1944 369 1993 cum
396 1928 558 2010 discipulis
589 1930 666 1996 suis.
690 1932 741 1997 20.
774 1930 816 1995 Et
842 1948 918 1997 acce
947 1930 1062 1995 mulier
1088 1948 1170 2012 quae
1199 1931 1363 2013 sanguinis
1384 1928 1504 1995 fluxum

200 2032 423 2099 lrabebatllll.
448 2036 550 2107 annis,
574 2036 710 2101 accessit
725 2040 811 2101 retro
834 2040 868 2101 at
883 2036 991 2118 tetigit
1012 2036 1238 2102 uestimentum
1266 2034 1346 2103 eius.
1372 2037 1422 2099 21.
1447 2034 1505 2099 Di-

200 2137 293 2202 cebut
316 2140 399 2203 enim
421 2140 508 2204 intra
531 2158 582 2205 se:
607 2138 641 2205 Si
664 2140 802 2222 tetigero
825 2145 949 2207 tantum
972 2142 1196 2207 uestimentum
1219 2140 1299 2222 eius,
1323 2139 1416 2205 salua
1437 2156 1503 2205 oro.

201 2242 252 2308 22.
279 2243 327 2308 Ad
362 2243 415 2310 ille
452 2262 624 2311 conuersus
655 2244 768 2313 uidens
802 2264 872 2312 eam
898 2245 994 2312 dixit:
1030 2251 1183 2313 constans
1206 2251 1286 2328 esto,
1317 2243 1393 2324 iilia,
1424 2242 1505 2309 fides

200 2352 256 2415 tua
278 2354 311 2414 te
337 2349 459 2415 saluam
483 2348 568 2416 lecit.
615 2350 659 2415 Et
682 2350 772 2415 salua
794 2350 880 2417 iacta
903 2356 954 2418 est
976 2352 1091 2418 mulier
1112 2369 1151 2416 ex
1174 2352 1230 2416 illa
1252 2350 1340 2415 hora.
1385 2350 1437 2415 23.
1461 2348 1505 2414 Et

201 2471 272 2519 cum
304 2455 448 2522 uenisset
470 2452 568 2523 Jeans
600 2456 630 2519 in
656 2456 780 2522 domum
806 2457 973 2540 principis,
1000 2456 1115 2524 uidens
1146 2456 1294 2522 tibicines
1323 2460 1357 2521 et
1378 2453 1503 2520 turbam

201 2559 447 2626 tumultuantem
471 2560 614 2626 dicebat:
644 2562 694 2627 24.
719 2560 883 2642 Recedite,
907 2568 1037 2629 nonest
1058 2563 1143 2627 enim
1167 2561 1275 2644 puella
1295 2564 1423 2625 monuo
1446 2559 1503 2624 sed

200 2664 327 2731 dormit.
365 2664 409 2731 Et
430 2664 617 2732 deridebant
639 2684 720 2732 eum.
756 2668 806 2735 25.
831 2668 875 2733 Et
898 2686 969 2732 cum
991 2668 1096 2733 eiecta
1118 2672 1205 2733 esset
1225 2665 1329 2745 turba,
1352 2664 1443 2731 uenit
1464 2669 1499 2729 61

202 2770 307 2835 tenuit
330 2787 457 2835 manum
480 2770 558 2836 aius.
605 2770 648 2837 Et
677 2772 816 2838 surrexit
847 2773 962 2856 puella.
1008 2772 1129 2839 211111
1157 2770 1335 2838 enitiama
1369 2772 1448 2837 haec
1470 2771 1503 2835 in

202 2875 385 2942 uniuersum
417 2879 535 2941 terrum
560 2875 656 2942 illam.
703 2879 754 2944 27.
787 2876 830 2942 Et
858 2882 1045 2944 transeunte
1075 2878 1150 2944 inde
1181 2874 1271 2953 desa,
1304 2876 1406 2944 secuti
1429 2880 1505 2942 sunt

201 2999 273 3046 eum
298 2983 359 3047 duo
390 2981 486 3059 caeci,
522 2981 696 3047 clamantes
728 2987 760 3046 et
791 2981 949 3049 dicentes:
986 2983 1140 3048 Miserere
1166 2983 1278 3066 nostri,
1318 2981 1363 3047 fili
1387 2981 1502 3047 Dauid.

202 3088 252 3151 28.
299 3085 342 3150 Et
364 3087 453 3151 uenit
476 3087 508 3151 iu
534 3086 660 3152 domum
683 3091 716 3152 el
738 3093 942 3154 accesserunt
970 3087 1011 3153 ud
1033 3106 1104 3152 aum
1128 3087 1191 3152 duo
1214 3089 1312 3153 caeci.
1358 3087 1402 3153 Et
1424 3086 1505 3152 dixit

202 3190 267 3255 illis
290 3189 407 3258 lesus:
447 3189 585 3257 Creditis
609 3192 694 3274 quod
716 3211 846 3276 possum
870 3193 949 3258 haec
970 3192 1101 3258 iacere?
1148 3193 1265 3257 Dicunt
1287 3193 1334 3259 ei:
1373 3189 1504 3275 Utique,

204 3297 341 3363 domiue.
387 3297 438 3363 29.
480 3297 568 3362 Tunc
599 3299 706 3380 tetigit
748 3299 856 3365 oculos
895 3318 1003 3364 eorum
1039 3300 1164 3365 dicens:
1203 3298 1375 3364 secundum
1410 3295 1505 3361 fidem

203 3406 341 3467 uestram
367 3402 531 3485 conlingat
554 3403 654 3469 uobis.
679 3405 730 3470 30.
755 3403 797 3470 Fa
821 3404 924 3486 aperti
948 3403 1128 3469 suntoculi
1153 3403 1297 3481 illorum;
1322 3406 1356 3468 et
1377 3401 1503 3468 commi·

206 3513 299 3572 uatus
330 3513 381 3573 est
411 3507 475 3571 illis
498 3506 593 3572 Jesus
618 3509 745 3574 dicens:
792 3507 912 3574 Uidete
943 3509 1077 3591 nequis
1100 3509 1190 3574 sciat.
1236 3511 1288 3574 31.
1324 3507 1373 3572 llll
1398 3513 1505 3572 autem

204 3618 358 3677 exeuntes
390 3611 634 3679 diffamauerunt
664 3632 736 3678 eum
767 3615 800 3680 in
827 3618 895 3679 tols
918 3619 1005 3680 terra
1035 3615 1100 3679 illa.
1145 3615 1197 3680 32.
1221 3612 1370 3696 Egressis
1397 3619 1504 3677 antem

203 3717 278 3796 illie,
310 3735 385 3783 eece
417 3717 601 3801 optulerunt
624 3721 653 3784 ei
686 3719 842 3785 hominem
873 3725 994 3785 mutum
1025 3725 1059 3785 61
1081 3719 1211 3785 surdum
1242 3724 1275 3784 et
1305 3717 1504 3784 daemonium

203 3821 381 3889 habentem.
406 3825 456 3888 33.
481 3823 524 3889 Et
540 3825 641 3888 eiecto
658 3825 833 3908 daemonio,
858 3825 985 3890 lucratus
1008 3806 1197 3908 est'mutus
1221 3829 1254 3888 61
1270 3823 1404 3889 miratae
1426 3827 1502 3888 sunt

203 3929 327 4008 hubae,
351 3929 511 3994 dicentes:
536 3929 713 4012 Numquam
738 3931 846 3996 taliter
869 3932 1020 4012 apparuit
1043 3932 1073 3994 in
1092 3929 1237 3996 Istrahel.
1262 3931 1313 3994 34.
1338 3927 1503 3994 Pharisaei

205 4040 310 4097 autem
334 4034 498 4100 dicebant:
546 4035 581 4099 ln
604 4035 749 4100 belzebul
773 4055 850 4118 rege
885 4037 1122 4102 daemoniorum
1146 4036 1222 4101 eicit
1248 4035 1300 4099 hio
1322 4033 1503 4099 daemones.

204 4141 256 4205 35.
281 4139 322 4203 Et
342 4141 498 4204 circuibat
518 4138 615 4205 Jesus
639 4141 786 4206 ciuitates
809 4158 919 4206 omnes
934 4145 967 4206 et
983 4141 1123 4218 castella,
1147 4141 1264 4205 docens
1286 4143 1319 4204 in
1335 4140 1504 4223 synagogis

206 4263 313 4308 eorum
345 4249 378 4309 et
400 4243 589 4328 praedicans
620 4244 821 4325 euangelium
853 4247 944 4328 regni
975 4251 1008 4309 et
1031 4262 1147 4310 curans
1169 4263 1294 4308 omnem
1320 4243 1503 4325 languorem

205 4352 238 4414 at
260 4368 384 4416 omnem
409 4348 636 4432 infirmitatem,
661 4350 807 4415 etmulti
832 4352 933 4416 secuti
958 4357 1033 4416 sunt
1056 4368 1138 4415 aum.
1177 4350 1228 4415 36.
1253 4348 1376 4414 Uideus
1398 4353 1504 4414 autem

206 4455 325 4534 turbas,
357 4455 505 4520 misertus
537 4459 587 4520 est
610 4454 683 4530 illis,
717 4455 800 4537 quod
825 4462 935 4520 essent
958 4457 1065 4520 nenati
1095 4463 1128 4520 et
1151 4455 1293 4520 iacentes
1321 4455 1405 4520 sicut
1427 4472 1504 4519 oues

206 4579 267 4625 non
292 4559 447 4628 habentes
471 4565 642 4642 pastorem.
666 4562 717 4626 sl.
743 4562 831 4626 Tunc
855 4561 935 4627 dicit
952 4560 1116 4642 discipulis
1131 4561 1213 4626 suis:
1238 4559 1355 4625 Massia
1377 4559 1506 4640 quidem

206 4666 313 4747 multa,
338 4665 475 4749 operarii
497 4672 602 4732 autem
627 4668 729 4748 pauci.
756 4667 876 4748 Rogata
910 4685 988 4749 ergo
1011 4667 1170 4732 dominum
1195 4668 1319 4747 messis,
1344 4672 1380 4730 ut
1400 4663 1507 4732 mittat

206 4774 370 4854 operarios
394 4773 425 4837 in
447 4789 581 4838 messem
607 4790 705 4840 suam.
1486 4765 1503 4784 ²
