3625 5775
364 535 426 600 ll?
748 525 929 595 Euangelium
947 522 1098 580 secundum
1118 524 1258 578 Lareanunr
1569 525 1596 580 C.
1617 533 1660 581 22.

362 741 465 820 uobis,
488 758 528 806 ne
550 739 633 806 forte
648 742 824 822 grauanter
847 737 944 802 corda
967 738 1075 802 uestra
1099 737 1131 800 in
1162 735 1291 818 crapula
1314 741 1348 801 et
1370 735 1528 802 ebrietate
1551 743 1585 804 11
1608 757 1660 805 co-

360 845 571 926 gitationibus
593 842 802 923 secularibus,
815 847 849 908 et
868 841 1077 924 superueniat
1092 841 1125 906 in
1142 859 1199 908 uos
1222 843 1391 923 repentina
1406 892 1413 908 .
1431 889 1438 904 .
1457 891 1490 908 ..
1513 845 1565 910 35.
1589 849 1659 908 tan·

359 967 452 1032 quam
477 949 613 1033 laqueus
636 947 842 1029 superveniet
864 947 948 1012 enirn
982 946 1012 1010 in
1037 963 1157 1029 omnes,
1188 946 1241 1028 qul
1267 946 1380 1013 sedent
1412 964 1510 1027 super
1544 947 1660 1014 faciem

359 1054 463 1120 oannis
496 1059 611 1120 terrae.
658 1053 710 1119 36.
745 1051 886 1135 Uigilate
910 1053 1020 1133 itaque
1044 1051 1128 1116 omni
1163 1056 1306 1132 tempore
1338 1065 1474 1130 orantes,
1511 1057 1547 1116 ut
1569 1053 1659 1136 digni

360 1157 542 1225 habeamini
567 1157 708 1239 effugere
736 1157 799 1222 ista
821 1156 937 1234 omnio,
962 1175 1045 1238 quae
1067 1155 1177 1221 lutura
1201 1159 1284 1235 runt,
1320 1161 1353 1222 et
1374 1157 1502 1222 stabitis
1525 1161 1600 1221 ante
1623 1155 1660 1222 fi-

361 1265 439 1330 lium
462 1265 608 1329 hominia.
632 1263 684 1328 37.
708 1262 789 1327 Erat
811 1268 917 1329 autem
941 1261 1024 1330 inter
1054 1260 1138 1326 diem
1162 1260 1281 1328 docens
1304 1261 1336 1326 in
1361 1262 1488 1344 templo,
1512 1263 1661 1329 noctibus

363 1387 439 1435 uero
461 1369 570 1434 exieus
591 1367 788 1434 annectatur
803 1367 835 1432 in
852 1369 967 1446 monte,
991 1367 1046 1448 qui
1063 1367 1237 1432 uocabatur
1260 1366 1389 1434 olibeti.
1418 1368 1468 1434 38.
1496 1365 1536 1431 Et
1558 1369 1661 1433 omnis

363 1473 500 1557 populus
522 1471 704 1539 manicabat
726 1473 757 1536 iu
782 1470 911 1553 templo,
935 1470 1048 1536 audire
1071 1489 1153 1537 euni.

465 1702 569 1769 xxpp.
596 1686 623 1748 1.
643 1682 857 1763 Adpropiauit
878 1687 986 1746 autem
1003 1682 1073 1746 dies
1087 1682 1272 1764 azimorum,
1289 1700 1372 1763 quae
1395 1681 1514 1746 dicitur
1530 1681 1657 1764 pascha,

361 1791 391 1858 2.
417 1796 450 1855 et
461 1788 657 1872 quaerebant
678 1787 839 1869 principes
862 1785 1063 1853 sacerdotum
1079 1791 1113 1852 et
1135 1785 1272 1865 scribae,
1297 1787 1454 1869 quomodo
1471 1805 1542 1852 eum
1561 1786 1660 1852 inter·

364 1893 506 1974 licerent,
539 1891 697 1959 timebant
731 1908 808 1955 uero
842 1890 976 1974 plebem.
1012 1892 1042 1956 3.
1081 1889 1220 1954 lutrauit
1258 1898 1363 1956 autem
1395 1889 1662 1957 3111111ἰηῦ1-

362 2000 445 2076 dom,
479 1998 534 2080 qui
568 1997 851 2080 cognominabatur
882 1994 1037 2074 Scarioth,
1062 2013 1144 2060 unus
1184 1996 1223 2059 de
1262 1995 1332 2074 XII,
1371 1997 1401 2060 4.
1441 2001 1474 2062 11
1511 1995 1592 2063 abiit
1629 2003 1662 2062 et

361 2104 488 2170 locutus
525 2111 576 2168 131
610 2121 681 2167 curn
726 2101 927 2183 principibus
972 2098 1175 2166 sacerdotum
1219 2105 1252 2166 11
1288 2101 1413 2184 acribia,
1458 2102 1661 2182 quemadmo-

362 2209 461 2274 dum.
486 2257 494 2274 .
520 2259 552 2275 ..
587 2208 732 2273 traderet
764 2207 820 2272 eis.
866 2209 897 2270 5.
933 2205 976 2270 Et
1012 2205 1094 2286 poeti
1118 2210 1193 2270 sunt
1218 2205 1386 2287 pecuniam
1422 2205 1507 2270 dare.
1553 2209 1584 2272 6.
1619 2207 1661 2270 Et

362 2313 541 2398 quaerebat
563 2314 847 2397 opportunitatem,
871 2316 907 2376 ut
929 2311 1071 2377 traderet
1095 2309 1184 2374 illum
1207 2311 1276 2375 sine
1299 2309 1393 2376 turba
1417 2311 1473 2376 eis.
1509 2311 1539 2376 l.
1564 2310 1661 2378 Ueuit

362 2423 470 2484 autem
493 2418 564 2484 dies
585 2417 733 2500 paschae,
768 2417 800 2482 in
824 2433 887 2498 qua
909 2433 1041 2482 necesse
1077 2419 1146 2481 orat
1180 2415 1281 2480 occidi
1316 2414 1444 2497 pascha,
1478 2417 1554 2482 8et
1576 2417 1662 2482 misit

362 2525 493 2590 Petrum
515 2528 549 2588 et
569 2522 738 2589 lobauuen
756 2571 763 2586 .
781 2569 790 2586 .
811 2543 866 2586 ..ι
897 2521 1032 2603 Euntes,
1067 2525 1179 2604 parate
1203 2521 1294 2588 uobis
1316 2520 1446 2604 pascha,
1471 2527 1508 2587 ut
1530 2522 1660 2588 mandu-

363 2647 481 2695 cemus.
514 2631 542 2694 o.
569 2627 617 2692 Ad
639 2627 686 2693 illi
710 2627 877 2692 dixerunt:
901 2623 966 2693 Ubi
988 2625 1038 2692 bis
1060 2642 1220 2709 paremus.
1256 2628 1308 2692 10.
1340 2625 1383 2690 Et
1405 2625 1485 2692 dixit
1508 2627 1548 2696 ad
1571 2627 1660 2692 illos:

362 2733 449 2800 Ecce
471 2730 707 2800 introeuntibus
740 2729 832 2796 uobis
854 2731 888 2796 in
912 2733 1043 2797 ciuitate
1071 2737 1216 2796 occurret
1245 2730 1336 2796 uobis
1361 2730 1455 2798 homo
1485 2731 1661 2815 anphoram

363 2855 467 2921 aquae
500 2843 644 2921 portans,
677 2837 846 2920 sequimini
877 2855 950 2903 euru
982 2837 1014 2903 in
1048 2835 1184 2917 domurn,
1220 2837 1251 2902 in
1275 2854 1368 2919 quam
1392 2838 1507 2917 intrat;
1557 2843 1606 2907 11.
1630 2851 1663 2905 11

365 2943 480 3009 dicetis
495 2944 738 3025 patrifamiliae:
753 2941 912 3007 Dicettibi
925 2944 1078 3024 magister
1090 2942 1163 3007 :Ubi
1175 2948 1225 3009 est
1240 2944 1462 3021 diuersorium,
1476 2944 1529 3010 ubi
1547 2944 1663 3027 paseha

365 3066 436 3113 cum
460 3048 628 3131 discipulis
651 3050 731 3115 meis
754 3046 967 3114 manducem?
993 3050 1042 3113 12.
1066 3047 1109 3113 Et
1126 3046 1179 3111 ille
1199 3047 1291 3113 uobis
1308 3049 1455 3115 ostendet
1469 3048 1552 3131 pede
1567 3050 1662 3131 plano

363 3152 468 3219 locum
504 3158 639 3219 stratum
663 3171 831 3235 magnum
859 3150 905 3217 lbi
928 3157 1049 3235 parate.
1102 3154 1149 3218 13.
1185 3153 1308 3217 Euntes
1331 3159 1437 3219 autem
1461 3157 1661 3229 inuenerunt,

363 3256 449 3325 sicut
470 3258 552 3324 dixit
575 3260 639 3325 illis
662 3264 696 3323 et
717 3262 914 3339 parauerunt
943 3256 1075 3339 pascha.
1114 3258 1162 3321 14.
1197 3256 1333 3323 Etcum
1356 3257 1442 3326 lacta
1464 3266 1550 3327 esset
1573 3260 1660 3337 hora,

365 3363 529 3429 discubuit
549 3369 583 3429 et
605 3362 741 3445 apostoli
765 3381 836 3428 cum
859 3362 924 3427 illo.
952 3364 1001 3428 15.
1026 3360 1069 3427 Et
1091 3362 1137 3429 ait
1159 3361 1240 3427 illis:
1276 3362 1445 3430 Desiderio
1479 3364 1660 3433 desideraul

364 3467 424 3535 boc
444 3468 566 3551 pascha
588 3469 779 3536 manducare
801 3468 903 3545 uobis,
934 3472 1104 3549 autequam
1127 3467 1242 3550 patiar.
1280 3470 1326 3535 16.
1350 3470 1430 3533 Dico
1450 3470 1537 3535 enim
1562 3472 1660 3548 uobis,

368 3572 442 3654 quia
469 3593 510 3639 ex
534 3574 594 3641 boc
616 3591 677 3639 non
701 3573 899 3639 manducabo
923 3572 1012 3649 illud,
1036 3572 1237 3638 (11111...
1260 3574 1293 3638 in
1316 3592 1414 3655 regno
1438 3574 1499 3639 dei.
1548 3576 1596 3639 ll.
1621 3575 1662 3639 Et

365 3683 497 3761 accepto
519 3696 601 3763 pane
624 3678 748 3760 gratias
769 3679 836 3759 egit
858 3685 891 3743 et
913 3676 1010 3759 fregit
1032 3683 1065 3741 et
1094 3675 1184 3742 dedit
1208 3676 1272 3743 illis
1297 3676 1420 3743 dicens:
1449 3680 1496 3744 18.
1520 3678 1592 3745 Hoc
1614 3686 1661 3743 est

365 3800 483 3865 corpus
508 3802 623 3850 meum.
657 3784 700 3849 Et
722 3791 857 3867 accepto
879 3781 978 3848 calice
1001 3783 1122 3863 gratias
1146 3782 1212 3863 egit
1234 3789 1268 3849 et
1290 3782 1388 3849 dixit:
1423 3785 1570 3866 Accipite
1605 3786 1660 3851 boc

366 3894 401 3954 et
423 3888 558 3955 diuidito
582 3890 667 3955 inter
687 3908 755 3955 uos.
805 3890 853 3953 m.
879 3888 958 3953 Dico
982 3888 1064 3953 enim
1089 3886 1190 3966 uobis,
1215 3887 1300 3969 quod
1321 3908 1383 3953 nou
1407 3887 1511 3955 bibam
1537 3890 1577 3953 de
1611 3908 1662 3975 ge

366 3996 531 4061 uenatione
554 3994 614 4059 bac
636 3996 713 4060 uitis
735 3994 841 4072 huius,
864 3993 965 4059 donec
989 4011 1118 4076 regnum
1142 3992 1194 4057 dei
1218 3994 1335 4058 ueniat.
1359 3995 1410 4058 21.
1436 3993 1661 4061 Uerumtamen

367 4118 443 4165 ecee
465 4117 577 4165 manus
600 4099 758 4173 tradentis
779 4117 830 4163 ure
851 4117 976 4165 meeum
1000 4097 1031 4163 iu
1055 4116 1173 4164 mensa.
1210 4100 1261 4163 22.
1285 4098 1328 4162 Et
1350 4099 1478 4180 quidem
1500 4098 1662 4169 111111111-

227 4292 232 4298 ,
367 4203 473 4285 111113,
497 4204 672 4271 secuudum
694 4204 777 4288 quod
801 4204 957 4287 seriptum
981 4210 1041 4285 est,
1076 4203 1176 4269 uadit.
1211 4202 1438 4269 Uerumtamen
1464 4224 1523 4271 uae
1545 4206 1662 4273 bomini

367 4308 425 4389 illi,
460 4329 518 4392 per
551 4328 644 4393 quem
675 4308 761 4375 lilius
784 4308 922 4374 hominis
946 4307 1093 4373 traditur.
1131 4310 1181 4373 23.
1206 4310 1250 4373 Et
1271 4310 1333 4391 ipsi
1365 4310 1597 4392 conquirebant
1620 4314 1661 4377 iu·

365 4421 417 4479 ter
438 4434 485 4493 se,
508 4416 581 4498 quis
603 4420 691 4481 13311
712 4414 772 4481 hoc
795 4413 948 4480 facturus.
974 4416 1024 4478 21.
1051 4414 1146 4479 Facto
1176 4420 1227 4479 est
1248 4420 1354 4479 autern
1385 4418 1547 4480 contentio
1583 4418 1662 4481 inter

367 4519 449 4603 illos,
473 4522 622 4603 quisnam
644 4521 746 4585 ruaior
769 4521 944 4585 uideretur.
969 4522 1019 4585 21).
1044 4519 1093 4583 hd
1119 4520 1186 4601 ipse
1210 4519 1291 4585 dinit
1315 4522 1379 4586 eis:
1402 4538 1496 4602 reges
1525 4522 1662 4603 gentium

366 4626 571 4693 dominantur
601 4644 722 4709 eorum,
755 4633 790 4691 et
811 4627 866 4707 qui
890 4630 1081 4706 potestatem
1105 4625 1136 4687 iu
1159 4642 1215 4690 113
1237 4632 1401 4703 exercunt,
1437 4624 1661 4693 beneficiorum

367 4729 523 4814 largiores
553 4731 712 4797 dicuutur.
757 4734 809 4797 211.
842 4728 909 4795 Uos
939 4734 1130 4795 autemnon
1154 4730 1209 4805 ita,
1243 4730 1299 4794 aed
1335 4732 1389 4812 qui
1422 4733 1526 4797 maier
1558 4736 1609 4796 est
1632 4734 1660 4793 in

367 4837 471 4916 uobis,
492 4835 652 4903 alliciatur
683 4843 721 4903 ut
749 4835 994 4918 adulescentior,
1030 4840 1062 4899 et
1094 4833 1148 4915 qui
1174 4842 1309 4915 praeest,
1341 4840 1377 4901 ut
1406 4836 1461 4917 qui
1492 4838 1658 4901 ministrat.
