3625 5775
168 524 194 577 C.
212 532 236 579 8.
548 527 732 595 Euangelinm
751 528 901 581 secundom
921 527 1056 582 Marcum.
1398 533 1455 595 131

166 739 232 804 erit.
264 741 316 805 33.
349 741 398 804 ud
430 739 483 804 ille
514 757 689 805 conuersus
719 737 833 802 uidens
864 737 1038 819 discipulos
1071 757 1146 802 snos
1181 740 1389 803 cornminatus
1412 746 1462 804 est

165 843 255 907 Petro
278 843 405 909 dicens:
439 842 531 908 Uada
552 851 640 908 retro
662 862 723 922 me,
755 847 895 921 satanas,
926 845 1076 924 qnoniam
1108 861 1169 922 non
1206 845 1293 926 sapis
1316 861 1460 925 eaquae

164 947 212 1011 dei
236 952 321 1024 snut,
344 949 402 1014 sed
426 967 506 1030 quae
529 955 604 1012 sunt
626 949 789 1012 hominnm
825 949 876 1011 34.
901 949 944 1012 Et
967 954 1143 1012 conuocnta
1166 947 1259 1010 turba
1276 967 1347 1010 cnm
1364 948 1460 1012 disci·

164 1053 244 1133 pulis
274 1055 343 1118 suis
375 1055 472 1118 dixit:
505 1053 537 1118 si
569 1053 641 1134 qnis
671 1053 742 1116 uon
772 1051 863 1132 sequi
895 1057 966 1132 post
989 1071 1048 1130 me,
1073 1052 1208 1132 deneget
1231 1069 1266 1116 se
1289 1055 1323 1114 et
1345 1051 1461 1117 tollens

163 1176 285 1222 crucem
319 1176 412 1223 snam
446 1162 600 1238 sequatur
634 1175 694 1222 me.
731 1159 782 1222 35.
819 1157 879 1234 Qui
915 1157 998 1220 enim
1035 1157 1173 1220 nolucrit
1196 1157 1334 1220 animam
1370 1176 1460 1222 auam

162 1261 281 1325 saluam
320 1261 435 1338 facere,
476 1261 588 1343 perdet
624 1279 712 1341 eam;
751 1262 805 1343 qni
843 1265 949 1326 autern
987 1261 1164 1342 perdiderit
1197 1261 1333 1324 animam
1369 1278 1458 1324 snam

162 1371 289 1448 propter
301 1367 514 1448 euangelium,
530 1365 654 1430 saluam
670 1365 769 1430 iaciet
784 1383 865 1430 eam.
888 1368 940 1431 sb.
967 1366 1049 1442 Quid
1068 1366 1150 1430 enim
1166 1365 1312 1446 proderit
1327 1364 1457 1441 homini,

163 1474 185 1535 si
208 1472 352 1536 lucretur
381 1470 567 1536 uniuersum
598 1470 750 1534 mundum
782 1477 816 1535 et
845 1469 1072 1535 detrimentum
1102 1469 1200 1535 iaciat
1222 1471 1348 1536 animae
1371 1487 1457 1534 snae.

161 1577 209 1641 31.
244 1577 309 1639 dut
339 1577 414 1657 quid
438 1574 528 1639 dabit
550 1574 643 1640 bomo
676 1576 956 1640 commutationem
992 1593 1049 1656 pro
1074 1576 1178 1640 arriana
1201 1574 1283 1638 sua?
1321 1575 1370 1638 38.
1396 1573 1458 1650 Qui

162 1685 263 1745 autem
288 1699 338 1744 me
361 1679 511 1744 confusus
534 1680 632 1744 inerit
654 1686 687 1745 et
708 1682 805 1744 uerba
830 1699 900 1744 inea
931 1681 963 1745 in
996 1681 1201 1762 generatione
1228 1679 1285 1742 bae
1310 1677 1458 1743 adultera

160 1791 190 1848 et
211 1786 399 1867 peccatrice,
435 1791 512 1850 tune
545 1769 631 1850 filius
664 1787 801 1851 bominis
836 1785 1008 1850 confundet
1041 1803 1122 1862 anua,
1158 1802 1229 1848 cnm
1266 1784 1390 1847 uenerit
1424 1784 1457 1848 in

158 1889 289 1970 gloriam
313 1892 417 1972 patris
449 1892 497 1955 sni
523 1908 593 1954 enm
617 1890 739 1972 angelis
769 1891 897 1956 sanctis.
934 1893 985 1956 39.
1017 1889 1060 1954 Ht
1084 1887 1210 1952 dicebat
1233 1887 1314 1952 illis:
1353 1887 1455 1952 Amen

158 1993 228 2058 dico
246 1995 348 2068 uobis,
366 1994 450 2074 qnod
465 2000 542 2059 aunt
564 1994 694 2074 qnidam
718 1994 756 2057 de
781 1993 1065 2058 circumstantibus
1088 2011 1220 2070 mecum,
1235 1989 1290 2071 qui
1314 2009 1374 2055 non
1399 2011 1456 2074 gu-

159 2098 291 2164 stabunt
311 2105 455 2178 mortem,
481 2100 582 2164 donec
605 2098 738 2162 uideant
760 2117 891 2180 regnum
915 2098 966 2162 dei
990 2099 1122 2163 ueniens
1145 2096 1177 2162 in
1201 2095 1362 2161 uirtutem.

258 2301 326 2370 lx.
360 2309 386 2368 1.
409 2303 452 2368 Et
485 2309 559 2384 post
581 2305 650 2370 dies
676 2304 718 2370 Vl
757 2303 938 2386 adsumpsit
960 2303 1056 2370 Jesns
1080 2305 1209 2371 Petrum
1242 2311 1276 2370 et
1298 2304 1454 2371 Jacobum

152 2413 187 2473 et
209 2407 379 2474 dobannen
407 2415 441 2472 et
463 2408 556 2472 duxit
586 2409 659 2473 illos
693 2408 725 2473 in
748 2414 888 2473 montem
922 2409 1111 2474 altissimum
1135 2427 1278 2474 seorsum
1303 2409 1397 2486 solos,
1422 2415 1455 2474 et

151 2509 400 2592 transfiguratus
423 2517 475 2576 est
497 2529 605 2576 eoram
627 2512 717 2593 ipsis.
741 2515 770 2576 2.
795 2511 839 2577 Et
854 2513 1046 2577 uestimenta
1062 2513 1132 2580 eius
1155 2515 1332 2580 factasunt
1348 2515 1438 2597 splen

152 2616 230 2681 dida
261 2617 351 2682 uelut
379 2617 444 2694 nix,
475 2616 584 2698 qualia
613 2619 687 2698 quis
716 2636 778 2682 non
801 2621 909 2698 potest
940 2615 1045 2681 iacere
1070 2637 1166 2698 super
1189 2622 1317 2685 terram.
1356 2621 1386 2684 3.
1410 2619 1453 2684 Et

150 2722 302 2803 apparuit
325 2720 388 2785 illis
413 2720 607 2786 Helisaeum
631 2721 774 2804 Moysen,
797 2725 831 2785 et
851 2727 944 2785 erant
960 2720 1128 2802 loquentes
1145 2741 1216 2786 enm
1240 2722 1329 2788 Jesn.
1353 2725 1383 2787 4.
1409 2723 1452 2788 Et

150 2827 351 2909 respondens
375 2826 488 2892 Petras
511 2826 551 2891 ad
574 2825 684 2893 Jeaum
708 2826 804 2891 dixit:
829 2825 929 2904 rabbi,
955 2825 1070 2892 bonum
1096 2831 1146 2891 est
1167 2826 1260 2895 nobis
1283 2826 1334 2892 hic
1358 2845 1450 2906 esse;

149 2932 212 3010 nis,
227 2930 343 2997 faciam
358 2932 422 2997 tria
442 2932 665 2997 tabernacula:
688 2932 748 2997 tibi
771 2950 870 2996 unum
886 2936 920 2995 et
936 2930 1040 3013 Moysi
1056 2950 1153 2996 unum
1170 2935 1202 2995 et
1218 2930 1331 2997 Heliae
1343 2950 1450 2999 unum.

150 3036 184 3101 5.
208 3037 521 3115 Nenenlmsciebat,
546 3038 623 3118 qnid
648 3038 777 3119 diceret,
810 3038 925 3101 timore
939 3035 1022 3101 enim
1046 3037 1208 3118 perterriti
1231 3042 1331 3103 erant.
1355 3040 1385 3103 6.
1409 3038 1453 3103 Et

148 3140 238 3207 facta
260 3146 311 3205 eat
331 3142 414 3207 nubs
436 3141 648 3207 subumbrans
671 3142 754 3219 illos,
777 3149 810 3207 et
833 3142 922 3207 uenit
945 3159 1007 3205 nox
1041 3142 1081 3205 de
1115 3142 1200 3207 uube
1223 3142 1349 3207 dicens:
1388 3142 1448 3207 Hic

148 3251 202 3311 est
234 3244 320 3312 illins
353 3266 444 3312 meus
479 3248 675 3329 carissimus,
717 3247 802 3312 bunc
841 3246 963 3312 audite.
1011 3248 1039 3311 1.
1074 3246 1117 3311 Et
1156 3245 1448 3328 circumspicientes

148 3351 310 3417 neminem
333 3352 471 3434 amplios
493 3351 654 3429 uiderunt,
678 3352 740 3416 nisi
763 3351 875 3417 lesum
898 3355 1023 3416 tantum
1047 3369 1162 3417 secum.
1199 3354 1228 3419 8.
1253 3352 1295 3416 Et
1319 3352 1449 3417 deseen-

149 3454 302 3522 dentibus
334 3456 399 3522 illis
422 3458 462 3521 de
486 3462 604 3537 rutente,
636 3458 800 3539 praecepit
829 3456 904 3537 illis,
928 3474 968 3520 ne
991 3457 1137 3539 cuiqnam
1161 3474 1243 3536 qnae
1265 3455 1447 3521 uididssent

149 3568 330 3639 narrarent,
364 3561 427 3625 nisi
452 3580 523 3626 cum
546 3558 632 3626 iilius
655 3560 792 3625 hominis
816 3580 835 3624 a
859 3560 994 3625 mortuis
1011 3563 1233 3626 resurrexerit.
1256 3564 1286 3625 9.
1311 3561 1353 3625 nt
1376 3580 1449 3625 ner·

149 3667 223 3730 bam
246 3665 307 3731 hoc
336 3667 538 3733 retinuerunt
571 3672 650 3748 aput
683 3666 872 3747 semetipsos
906 3666 1141 3748 conquirentes,
1177 3664 1327 3747 quidnam
1362 3672 1449 3731 esset

149 3770 209 3833 hoc
231 3789 304 3835 cum
327 3790 346 3835 a
367 3774 503 3837 mortuis
525 3771 775 3836 resurrexisset?
801 3773 849 3837 10.
874 3770 918 3834 Ht
933 3770 1174 3852 interrogabaut
1197 3789 1269 3835 enm
1286 3770 1445 3837 dicantes:

148 3876 232 3951 Quia
254 3874 366 3941 dicunt
389 3877 532 3941 scribae:
557 3875 684 3941 Heliam
707 3880 832 3957 oportet
855 3876 992 3957 primum
1016 3876 1136 3941 uenire.
1166 3879 1211 3939 ll.
1236 3874 1447 3956 Respondeas

148 3986 256 4046 entem
290 3980 371 4046 dixit
404 3982 483 4046 illis:
520 3982 642 4060 Helias,
677 4000 747 4045 cum
781 3982 908 4046 uenerit
942 3982 1052 4062 primo,
1087 3982 1235 4045 restituet
1265 3981 1380 4059 omnia,
1416 3986 1449 4047 et

148 4085 307 4166 quomodo
342 4088 496 4168 scriptum
527 4092 578 4151 eat
608 4087 640 4151 in
671 4084 772 4150 illium
795 4086 943 4164 hominis,
978 4091 1014 4150 ut
1036 4085 1135 4149 inulta
1158 4084 1300 4168 patiatur
1321 4090 1355 4151 et
1377 4103 1447 4149 con-

148 4195 317 4255 temnatur.
344 4193 393 4257 12.
417 4191 479 4257 Sed
503 4191 573 4256 dico
600 4189 699 4268 nobie,
730 4191 804 4271 quia
827 4196 861 4255 et
891 4190 1003 4255 Helias
1034 4191 1123 4255 uenit
1166 4194 1198 4254 et
1231 4189 1377 4255 fecerunt
1400 4190 1447 4257 illi

149 4313 367 4376 quaecumque
399 4296 580 4373 uoluerunt,
605 4297 688 4361 aient
711 4297 864 4376 scriptum
889 4300 941 4360 est
963 4295 1003 4359 da
1025 4313 1073 4360 eo.
1099 4298 1149 4361 13.
1184 4294 1227 4360 Et
1249 4294 1381 4359 ueniens
1405 4295 1445 4358 ad

149 4400 325 4483 discipulos
347 4401 462 4467 iridens
477 4400 603 4465 turbam
621 4418 766 4483 magnam
790 4400 828 4465 ad
853 4417 910 4464 eos
932 4404 966 4464 et
990 4400 1111 4466 scribas
1128 4400 1351 4480 conquirentes
1375 4418 1444 4464 cum

148 4504 222 4570 illis.
256 4506 307 4570 14.
338 4506 382 4570 Et
405 4505 571 4570 confestim
602 4524 711 4570 omnes
731 4505 903 4570 multitudo
936 4504 1082 4569 uidentes
1104 4504 1224 4583 desum,
1248 4512 1448 4585 expaneruut

149 4616 181 4673 et
204 4611 357 4675 cadentes
381 4609 606 4675 salutauernnt
628 4629 709 4674 eum.
737 4613 785 4676 15.
809 4610 852 4674 Et
874 4609 1087 4691 interrogauit
1109 4610 1181 4675 illos
1206 4610 1331 4676 dicens:
1364 4608 1447 4686 Quid

149 4716 232 4780 inter
252 4733 311 4780 nos
336 4714 546 4796 conquiritis?
586 4718 633 4779 lli.
657 4714 702 4780 Et
722 4716 891 4797 respondit
914 4715 943 4779 ei
966 4730 1048 4779 unns
1072 4714 1243 4779 deturba:
1281 4713 1445 4795 Magister,

147 4819 265 4885 adduxi
288 4817 390 4883 filium
412 4837 517 4883 meum
554 4820 594 4883 ad
618 4824 650 4882 te
674 4818 844 4884 habentem
880 4820 1029 4900 spiritum
1052 4818 1257 4883 immundum.
1300 4821 1348 4883 ll.
1384 4817 1445 4895 Qui
