3625 5775
200 552 229 611 Ο.
249 556 275 611 t.
587 550 766 623 Euangefium
786 550 938 609 secundnm
956 550 1135 608 Mattianum.
1421 540 1424 543 ⁴
1461 553 1498 620 ’9

199 781 320 845 magua.
341 763 392 827 28.
416 762 461 829 Ει
482 762 601 829 iactum
618 768 667 828 eat
683 781 753 829 cum
777 768 1029 830 cousummasset
1050 761 1146 828 iesus
1167 762 1269 827 uerba
1282 760 1371 840 baec,
1395 758 1496 825 admi·

200 867 353 935 rabantur
383 869 497 935 turbae
528 887 623 949 super
653 867 829 946 doctrinam
850 868 942 935 eius.
989 870 1041 935 29.
1071 868 1152 933 Erat
1181 867 1265 933 enim
1296 866 1412 932 docens
1441 883 1497 933 coe

205 974 291 1040 sicut
312 978 505 1056 potestatem
527 974 657 1053 babens,
681 992 742 1039 uon
758 973 842 1041 sicut
865 975 990 1041 scribae
1013 979 1047 1039 et
1069 972 1230 1039 Pharisaei
1253 990 1373 1037 eorum.

303 1181 409 1253 vili.
435 1186 461 1251 1.
485 1184 528 1249 Ει
554 1184 766 1251 descendente
789 1203 827 1249 eo
852 1184 891 1248 de
914 1188 1023 1249 monte
1047 1189 1178 1249 secutae
1199 1188 1275 1247 sunt
1296 1200 1369 1247 eum
1385 1183 1500 1248 turbae

201 1289 327 1357 multae.
363 1291 394 1356 2.
421 1290 464 1354 Ει
486 1308 562 1356 ecce
585 1288 730 1371 leprosus
754 1290 882 1370 quidam
905 1288 1048 1368 ueniens,
1083 1286 1237 1353 adorabat
1270 1305 1342 1352 eum
1373 1287 1498 1353 dicens:

201 1394 336 1473 domiue,
361 1395 388 1459 si
411 1394 473 1473 uis,
496 1398 586 1476 potes
609 1413 659 1459 me
683 1394 848 1460 mundare.
895 1396 925 1459 3.
956 1393 1002 1457 Et
1030 1392 1204 1457 extendeus
1234 1409 1361 1457 manum
1391 1391 1499 1473 tetigit

202 1518 273 1565 eum
296 1498 392 1565 Jesua
416 1500 542 1565 dicens:
574 1498 667 1579 Uolo,
699 1500 862 1564 oriundam.
910 1498 952 1563 Et
975 1496 1141 1563 confestim
1163 1496 1315 1563 mundata
1337 1499 1388 1563 est
1409 1496 1500 1578 lepra

200 1605 279 1669 eins.
304 1605 335 1668 4.
360 1604 403 1669 Et
419 1606 463 1669 ait
488 1604 536 1669 ilii
560 1603 679 1670 Jesus:
703 1603 797 1684 Uide,
810 1602 929 1669 nemini
952 1601 1082 1680 dixeris,
1106 1602 1163 1666 sed
1187 1602 1280 1678 node,
1303 1602 1438 1668 ostende
1465 1607 1499 1667 te

204 1709 372 1787 sacerdoti,
398 1713 431 1772 et
453 1705 548 1773 offers
572 1726 686 1773 munus
709 1708 793 1789 quod
815 1708 982 1789 praecepit
997 1705 1126 1787 Moyses
1141 1707 1174 1771 in
1191 1706 1408 1773 testimonium
1423 1706 1498 1774 iilis.

201 1816 231 1881 5.
264 1814 339 1879 Post
369 1812 449 1878 baec
481 1817 588 1877 autem
620 1832 692 1880 cum
727 1814 892 1879 introisset
927 1810 1150 1892 chafarnaum,
1183 1813 1320 1877 accessit
1353 1812 1393 1877 ad
1427 1831 1499 1877 eum

199 1919 327 2001 quidam
352 1918 495 1983 centurio
518 1936 632 1999 rogans
647 1924 766 1983 eumet.
788 1916 915 1985 diceus:
937 1917 1127 2002 edemus,
1150 1936 1230 1998 puer
1253 1936 1342 1983 meua
1364 1918 1449 1983 iacet
1465 1918 1497 1982 in

202 2023 292 2089 domo
316 2023 509 2106 paralyticus
533 2028 565 2087 et
587 2022 670 2088 male
694 2027 869 2105 torquetur.
894 2025 923 2089 7.
948 2022 1062 2087 Aitilli
1085 2021 1205 2090 desua:
1231 2022 1300 2103 Ego
1323 2024 1450 2087 ueniam
1465 2024 1500 2087 et

201 2129 320 2193 curabo
344 2146 425 2193 eum.
450 2130 480 2194 8.
503 2128 547 2193 Et
561 2128 758 2209 respondens
782 2130 935 2208 centurio,
949 2130 996 2192 ait
1018 2128 1084 2194 ilfi:
1108 2128 1245 2209 domine,
1269 2145 1330 2192 non
1353 2146 1422 2194 sum
1436 2128 1503 2210 dig·

202 2253 262 2299 nus
285 2239 320 2299 ut
342 2232 442 2298 intres
466 2232 527 2299 sub
550 2237 671 2300 tectum
698 2252 811 2309 meum,
836 2234 892 2298 sed
916 2237 1041 2299 tantum
1066 2232 1117 2298 dic
1140 2232 1249 2312 uerbo,
1280 2239 1314 2299 et
1336 2233 1502 2299 sanabitur

201 2356 291 2421 puer.
336 2337 366 2404 9.
403 2335 483 2404 Nam
518 2342 550 2401 et
582 2356 640 2421 ego
672 2337 765 2404 bomo
790 2356 860 2403 suin
884 2338 944 2404 sub
967 2343 1127 2422 potestate
1150 2338 1354 2419 constitutus,
1378 2338 1501 2404 babens

202 2444 261 2509 sub
284 2462 335 2508 me
359 2442 490 2522 milites,
514 2450 546 2509 et
570 2444 641 2507 dico
666 2442 754 2508 buic:
778 2442 871 2509 Uade
893 2448 927 2507 et
949 2443 1056 2518 uadit;
1080 2448 1114 2509 et
1139 2443 1218 2510 aiio:
1244 2445 1317 2508 ueni
1340 2448 1374 2509 et
1396 2443 1502 2523 uenit3

202 2555 234 2613 et
257 2566 352 2614 seruc
376 2566 446 2613 meo
471 2547 559 2613 dico:
583 2548 632 2613 fac
663 2549 731 2626 boc,
763 2546 905 2615 etfacit.
957 2550 1004 2614 10.
1028 2547 1172 2613 Audiens
1195 2552 1302 2613 autem
1326 2547 1422 2615 Jesus
1444 2548 1502 2613 mi-

202 2659 291 2721 ratus
314 2658 364 2720 est
384 2660 417 2719 et
432 2652 641 2737 sequentibus
665 2672 699 2719 se
716 2653 811 2719 dixit:
836 2654 937 2719 Amen
960 2653 1032 2732 dico
1049 2652 1150 2737 uobis,
1173 2672 1237 2718 non
1255 2653 1364 2719 inueni
1378 2657 1502 2719 tantam

203 2757 295 2823 iidem
320 2760 352 2823 in
376 2757 523 2823 lstrsbei.
562 2760 610 2825 11.
647 2759 725 2823 Dico
761 2761 866 2823 sutem
899 2758 1001 2851 uobis,
1036 2758 1120 2841 quod
1144 2758 1235 2823 multi
1258 2758 1298 2824 ab
1321 2759 1444 2825 oriente
1468 2764 1502 2825 et

203 2864 367 2930 occidente
391 2866 522 2930 uenient
545 2868 578 2930 et
599 2863 784 2930 recumbent
815 2883 886 2930 cum
917 2863 1079 2930 Abrabam
1108 2868 1142 2930 et
1171 2865 1242 2930 laec
1273 2869 1306 2930 et
1338 2862 1438 2932 Jacob
1470 2864 1502 2930 in

203 2989 301 3053 regno
325 2969 501 3048 caelorum;
528 2971 577 3033 12.
603 2967 659 3033 iiiii
684 2974 788 3034 autem
813 2969 903 3051 regni
926 2968 1020 3034 buius
1043 2970 1136 3034 ibunt
1166 2970 1197 3035 in
1231 2969 1383 3035 tenebras
1415 2973 1502 3036 exte-

203 3077 325 3156 rioree;
348 3075 394 3142 ibi
416 3076 480 3142 erit
504 3073 597 3141 fietus
620 3081 653 3141 et
675 3074 794 3140 stridor
817 3075 970 3140 dentium.
1020 3077 1069 3141 13.
1100 3074 1143 3139 Et
1167 3074 1248 3140 dixit
1269 3073 1367 3142 Jesus
1392 3078 1502 3141 centu-

205 3181 303 3246 rioni:
329 3178 434 3264 Uade,
459 3180 543 3246 sicut
567 3179 698 3246 credisti
715 3178 772 3244 fiat
794 3179 863 3243 tibi.
888 3179 933 3244 Et
956 3184 1086 3245 sanatus
1110 3184 1160 3245 est
1183 3197 1261 3261 puer
1285 3199 1324 3245 ex
1341 3180 1499 3246 illabere.

208 3287 255 3353 14.
281 3286 323 3350 Et
347 3305 415 3351 cuin
441 3287 583 3352 uenisset
606 3285 702 3350 Jesus
727 3284 757 3348 in
783 3286 910 3350 domum
935 3286 1031 3365 Petri,
1055 3284 1138 3350 uidit
1161 3302 1288 3349 socrum
1310 3286 1382 3350 eius
1398 3286 1503 3350 iacen-

204 3395 268 3457 tem
293 3398 326 3456 et
362 3389 604 3456 febricitantem.
653 3391 702 3458 15.
738 3389 780 3455 Et
811 3390 919 3472 tetigit
952 3408 1079 3455 manum
1114 3389 1183 3454 eius
1214 3395 1247 3454 et
1278 3391 1403 3456 remisit
1433 3408 1503 3456 eam

205 3495 316 3580 febris,
342 3502 375 3561 et
397 3498 536 3563 surrexit
558 3502 590 3562 et
614 3496 817 3562 ministrabat
840 3497 895 3562 eis.
923 3498 971 3562 16.
997 3495 1141 3576 Uespero
1164 3500 1270 3560 autem
1293 3495 1378 3562 facto
1412 3501 1504 3578 optu-

208 3602 316 3666 ierunt
339 3601 387 3667 ilii
411 3601 527 3668 multos
551 3600 715 3666 daemonia
738 3600 901 3678 babentes
937 3606 970 3666 et
991 3599 1149 3665 eieciebat
1170 3602 1301 3681 spiritns
1324 3601 1503 3666 immundos

208 3704 307 3772 uerbo
332 3711 365 3770 et
387 3724 496 3770 omnes
518 3707 601 3770 maie
623 3704 779 3769 babentes
815 3704 956 3784 curauit;
1007 3707 1055 3770 li.
1090 3708 1126 3770 ut
1159 3704 1387 3785 adimpleretur
1420 3706 1505 3786 quod

207 3811 327 3876 dictum
351 3815 403 3876 est
424 3830 482 3892 per
513 3810 639 3876 Eseiam
664 3810 851 3892 prophetam
876 3810 1052 3876 dicentem:
1091 3809 1167 3892 quia
1197 3809 1267 3890 ipse
1302 3808 1504 3876 infirmitates

208 3923 336 3982 nostras
361 3918 486 3998 accepit
498 3921 531 3980 et
542 3917 737 3998 aegrimonia
760 3927 866 3982 nostra
889 3916 1039 3996 portauit.
1068 3917 1114 3981 18.
1139 3913 1263 3979 Uideus
1279 3920 1384 3981 autem
1407 3913 1505 3981 desua

206 4022 316 4087 turbas
348 4022 468 4088 multas
499 4021 618 4086 circum
651 4038 697 4099 se,
732 4021 826 4085 iussit
859 4019 1034 4103 discipulos
1068 4037 1144 4085 suos
1175 4021 1221 4084 ire
1254 4025 1342 4085 trans
1374 4018 1503 4085 fretum.

209 4126 257 4191 19.
281 4126 325 4191 Ει
348 4127 504 4192 accedens
527 4125 654 4207 quidam
677 4125 784 4189 scriba
807 4126 852 4190 ait
876 4125 938 4189 iili:
963 4125 1124 4207 magister,
1149 4141 1266 4205 sequar
1284 4129 1317 4190 te
1352 4143 1503 4206 quocum·

206 4249 267 4312 que
290 4232 376 4297 ieris.
401 4233 451 4297 20.
481 4230 567 4298 Dicit
590 4231 620 4296 ei
643 4229 762 4296 Jesnst-
780 4228 903 4311 Uulpes
926 4227 1035 4294 fobeas
1057 4229 1186 4312 habent,
1209 4233 1243 4294 et
1258 4229 1407 4295 uolucres
1423 4228 1504 4294 caeli

206 4336 308 4415 nidos,
332 4335 385 4402 ubi
411 4337 631 4417 requiescant;
677 4333 764 4400 filius
799 4339 905 4399 autem
938 4334 1076 4400 bominis
1110 4353 1172 4400 non
1205 4333 1301 4400 babet
1331 4334 1386 4399 nbi
1409 4337 1506 4414 caput

206 4459 298 4508 suum
323 4441 471 4506 declinet.
517 4445 569 4507 21.
595 4439 684 4505 Alius
709 4444 815 4505 autem
839 4439 1014 4523 discipulus
1037 4443 1084 4506 ait
1106 4440 1171 4506 iili:
1196 4439 1332 4517 domine,
1357 4440 1506 4522 permitte

205 4546 283 4612 mibi
307 4546 442 4629 primum
465 4546 513 4612 ire
536 4549 569 4610 et
591 4545 730 4626 sepelire
753 4549 876 4626 patrem
899 4563 1012 4611 meum.
1055 4547 1107 4610 22.
1131 4547 1181 4612 Ad
1205 4547 1275 4627 ipse
1298 4545 1345 4610 ait
1368 4543 1431 4608 ilii:
1457 4563 1506 4611 se

206 4670 306 4733 quere
328 4671 388 4732 me,
412 4658 444 4718 et
467 4653 596 4718 remitte
619 4657 761 4718 mortuos
785 4651 925 4734 sepelire
946 4653 1089 4718 mortuos
1112 4669 1197 4717 suos.
1243 4652 1296 4716 23.
1330 4649 1375 4716 Ει
1396 4666 1506 4715 asceu-

207 4757 302 4824 dente
325 4776 362 4825 eo
387 4758 419 4823 in
442 4757 593 4824 nauicula
616 4757 717 4824 secuti
742 4761 817 4822 sunt
839 4774 912 4821 eum
935 4755 1082 4838 discipuli
1107 4757 1186 4822 eins.
1210 4757 1262 4820 24.
1285 4754 1330 4822 Et
1350 4771 1425 4820 ecce
1440 4773 1507 4820 mo·

206 4868 259 4932 tus
283 4881 415 4947 coagnus
438 4862 544 4932 factus
568 4867 618 4930 cst
641 4861 672 4928 iu
696 4863 776 4930 mari
798 4862 845 4930 ita
869 4865 904 4927 ut
934 4861 1084 4929 nauicula
1114 4861 1297 4946 operiretur
1335 4857 1504 4942 fiuctibus;
