3625 5775
342 493 381 558 ῖ8
733 484 911 554 Euangeliou
930 483 1078 542 sasindum
1097 483 1247 538 Lucanum.
1567 483 1595 538 c.
1618 487 1639 530 1.

341 699 416 766 disti
440 699 548 764 uerbis
561 700 650 772 meis,
674 716 757 779 qaae
780 697 998 778 implebuntur
1016 695 1047 761 in
1064 701 1206 778 tempore
1222 714 1290 762 suo.
1314 699 1365 761 21.
1390 696 1433 760 Et
1455 703 1524 760 erat
1546 694 1638 777 plebs

339 810 513 888 expectans
543 802 748 869 Zacchariam
780 807 813 866 et
844 801 1043 867 mirabantur
1072 819 1109 867 eo
1142 802 1224 883 quod
1257 801 1400 866 tardaret
1510 801 1638 882 templo.

339 911 390 976 28.
414 907 573 991 Egressus
596 913 701 974 autem
726 926 787 970 aon
812 911 938 989 poterat
970 905 1055 988 loqui
1080 905 1119 970 ad
1143 905 1224 984 illos,
1248 911 1282 971 et
1312 909 1534 988 cognoueruat
1555 904 1639 986 quod

338 1014 494 1078 uisionrnr
518 1013 639 1078 uiderit
662 1016 692 1076 ia
717 1011 844 1093 templo.
892 1011 935 1076 Et
959 1011 1027 1092 ipse
1050 1015 1121 1075 erat
1144 1009 1287 1075 adnuens
1311 1008 1375 1075 illis
1399 1015 1432 1074 et
1461 1010 1639 1090 permansit

340 1124 456 1182 mutus.
480 1118 531 1182 23.
556 1114 598 1182 m
619 1115 737 1179 lectuna
760 1118 820 1192 est,
851 1119 888 1178 ιιι
911 1113 1033 1194 impleti
1065 1118 1139 1178 sunt
1171 1113 1240 1179 dies
1270 1112 1365 1178 oflicii
1390 1115 1469 1192 eius,
1493 1115 1574 1180 abiit
1605 1116 1639 1179 in

339 1222 466 1285 domum
490 1239 590 1286 sunm.
615 1220 666 1283 24.
681 1219 758 1283 Post
780 1218 837 1282 hos
852 1223 958 1282 autern
974 1219 1042 1281 dies
1066 1215 1211 1297 concepit
1244 1217 1386 1284 Elisabel
1410 1238 1488 1283 uxor
1512 1219 1640 1294 sinaei

341 1325 522 1391 occultabat
537 1324 747 1390 semermibus
764 1324 905 1404 quinque
919 1322 1046 1388 diceas:
1064 1321 1115 1386 25.
1131 1321 1214 1398 Quid
1231 1320 1308 1386 mihi
1331 1321 1383 1387 hic
1398 1322 1475 1388 fecit
1491 1325 1637 1388 domiuus

339 1431 370 1495 ia
413 1430 533 1512 diebus,
576 1429 692 1510 quibus
727 1428 867 1509 respexit
903 1426 1029 1490 auterre
1071 1425 1275 1507 obprobrium
1308 1445 1411 1494 meum
1455 1429 1539 1492 inter
1582 1428 1637 1492 ho·

343 1534 469 1598 mines?
503 1535 555 1598 26.
579 1532 699 1598 Eodem
727 1536 834 1596 autem
858 1537 1001 1611 tempore
1023 1531 1140 1595 missus
1164 1535 1198 1596 et
1224 1530 1355 1614 angelus
1384 1530 1513 1597 Gabriel
1539 1552 1556 1596 a
1583 1532 1637 1596 do·

342 1639 429 1703 mino
443 1641 473 1703 in
485 1639 647 1703 ciuitatem
665 1635 818 1714 Galileae
833 1637 885 1700 cui
900 1653 1013 1700 nornen
1027 1634 1198 1700 Nazareth.
1213 1636 1264 1699 27.
1278 1636 1318 1700 ad
1330 1635 1485 1718 uirginem
1503 1635 1637 1701 Mariam

340 1745 565 1826 desponsatam
577 1743 660 1816 uiro,
673 1742 724 1807 cui
749 1760 862 1806 nornen
876 1745 947 1804 erat
959 1737 1080 1822 Joseph
1095 1739 1240 1804 dedomo
1264 1741 1380 1819 Dauid,
1404 1747 1437 1805 et
1450 1759 1563 1806 nomen
1577 1741 1636 1805 oir-

338 1849 422 1930 giais
445 1846 548 1914 Maria
571 1849 622 1914 28.
639 1847 683 1912 Ει
697 1848 860 1928 ingressus
878 1845 1011 1926 angelus
1026 1845 1259 1928 eirangelizauit
1274 1863 1343 1910 earn
1359 1851 1391 1912 et
1406 1847 1488 1912 dixit
1502 1847 1566 1912 illi:
1583 1847 1637 1911 do·

338 1953 443 2018 minus
458 1959 573 2032 tecum,
590 1951 759 2016 benedicta
776 1956 811 2016 tu
829 1952 913 2015 inter
936 1950 1094 2017 mulieres.
1109 1950 1159 2014 29.
1176 1949 1252 2032 Ipsa
1266 1957 1382 2034 antam,
1400 1957 1435 2016 ut
1452 1950 1534 2016 uidit
1550 1969 1632 2031 eum,

338 2062 424 2122 mota
447 2056 541 2122 estin
566 2058 698 2122 introitu
721 2057 790 2122 eius
813 2062 847 2120 et
868 2061 940 2122 eret
963 2057 1115 2136 cogitans,
1148 2056 1231 2136 quod
1256 2056 1303 2120 sic
1326 2055 1541 2122 benedixisset
1557 2075 1636 2120 eam.

339 2163 391 2226 30.
414 2161 457 2227 Et
480 2163 527 2227 ait
548 2162 577 2226 ei
602 2161 735 2244 angelus
758 2160 896 2228 domini:
928 2160 976 2224 Ne
999 2163 1115 2226 timeas
1138 2158 1250 2241 naria,
1276 2161 1425 2226 inussisti
1458 2161 1542 2225 enim
1565 2179 1635 2242 gra·

339 2271 417 2331 tram
440 2276 518 2350 aput
540 2267 644 2342 deum,
683 2268 734 2332 31.
759 2272 794 2331 ct
815 2285 890 2331 ecoe
913 2266 1073 2348 concipies
1103 2267 1134 2330 in
1159 2272 1260 2343 utero,
1293 2271 1326 2330 st
1349 2267 1455 2348 paries
1480 2264 1580 2330 filiurn
1604 2273 1636 2332 et

340 2370 471 2436 nocebis
501 2373 709 2438 nomenoius
740 2369 863 2438 desum.
910 2373 961 2437 32.
986 2371 1046 2436 Hic
1069 2372 1131 2436 erit
1161 2389 1295 2452 magnus
1326 2376 1359 2436 et
1381 2369 1467 2436 filius
1491 2369 1636 2436 altissimi

339 2476 513 2554 uocabitur,
545 2481 579 2540 et
600 2475 689 2539 dabit
718 2474 766 2542 illi
797 2475 944 2540 dontinus
977 2477 1056 2540 deus
1085 2477 1192 2540 sedem
1224 2475 1329 2540 Dauid
1362 2477 1463 2558 patris
1493 2477 1574 2552 eius,
1605 2482 1637 2540 et

337 2579 486 2662 regnabit
508 2581 540 2643 in
564 2579 656 2645 domo
678 2578 780 2645 Jacob
803 2580 835 2644 in
861 2586 1035 2656 aeteruum,
1060 2581 1109 2646 33.
1127 2585 1160 2644 et
1183 2581 1272 2662 regni
1297 2581 1367 2644 eius
1389 2599 1451 2645 non
1474 2581 1538 2646 erit
1553 2577 1636 2645 fiais.

338 2686 390 2750 34.
415 2685 507 2749 Dixit
524 2692 630 2749 autern
654 2684 773 2749 Maria:
799 2685 884 2749 Ecce
899 2683 1014 2748 ancilla
1037 2685 1165 2758 domini,
1184 2685 1347 2766 contingat
1369 2685 1446 2750 milri
1462 2685 1635 2750 secuudum

336 2788 467 2856 uerbum
491 2795 590 2855 tuam.
614 2791 667 2854 35.
691 2789 734 2855 Ει
757 2791 954 2870 respondens
978 2790 1109 2870 angelus
1142 2789 1225 2854 dixit
1248 2789 1311 2854 illi:
1343 2789 1481 2871 Spiritus
1504 2797 1635 2856 sanctus

339 2897 527 2978 superuenit
548 2896 580 2960 in
593 2903 637 2975 te,
652 2899 686 2961 et
705 2896 809 2960 uirtus
831 2896 980 2960 altissimi
1004 2896 1205 2961 obumbrabit
1228 2902 1277 2973 te;
1304 2895 1458 2975 ideoquae
1480 2898 1564 2977 quod
1581 2914 1635 2961 na·

340 3006 448 3065 scetur
470 3006 600 3067 sanctus
624 3001 792 3065 uocabitur
815 3000 899 3065 lilius
924 3001 986 3065 dei.
1009 3003 1061 3066 33.
1092 3001 1136 3065 Ει
1158 3020 1232 3066 ecce
1256 3000 1396 3066 Elisabel
1421 3006 1557 3081 cognata
1580 3007 1636 3065 tua

339 3112 373 3171 et
395 3105 465 3187 ipsa
488 3106 633 3186 coacepit
661 3105 760 3171 filiurn
785 3106 815 3169 in
841 3112 971 3171 senecta
995 3124 1062 3187 sira,
1098 3112 1127 3169 et
1151 3105 1344 3171 blemensis
1366 3110 1416 3170 est
1438 3113 1548 3171 sextus
1579 3106 1635 3185 illi,

339 3229 420 3293 quae
443 3216 577 3275 uocatur
593 3210 721 3275 sterilis.
747 3212 797 3276 at.
823 3211 905 3287 Quia
928 3228 991 3275 non
1014 3216 1065 3275 est
1080 3211 1277 3293 impossibile
1300 3212 1360 3275 cleo
1384 3230 1476 3275 omae
1492 3210 1634 3275 uerbum.

339 3318 389 3381 38.
414 3314 457 3381 Ει
479 3316 629 3381 discessit
644 3315 683 3379 ab
700 3315 754 3379 ille
771 3316 912 3396 angelus.
938 3316 989 3380 39.
1014 3316 1199 3400 Exsurgens
1225 3322 1330 3381 autem
1355 3315 1457 3380 Maria
1474 3318 1505 3381 in
1523 3316 1635 3381 diebus

339 3420 412 3495 illis,
444 3420 523 3487 abiit
558 3422 589 3484 in
621 3426 772 3487 montana
802 3440 873 3485 oum
906 3421 1112 3487 festinatione
1144 3424 1175 3485 in
1207 3422 1338 3487 ciuitate
1368 3421 1501 3493 Judeae.
1524 3424 1578 3488 40.
1602 3428 1635 3486 et

340 3527 474 3590 intrauit
495 3526 526 3589 in
545 3526 672 3591 domurn
696 3525 887 3591 Zaccbariae
903 3533 936 3591 et
955 3527 1109 3593 salutauit
1132 3527 1284 3592 Elisabel.
1307 3530 1358 3592 41.
1384 3526 1426 3591 Et
1441 3527 1559 3592 facturn
1575 3534 1635 3606 est,

339 3635 376 3695 ιιι
407 3630 532 3695 audiuit
563 3630 788 3696 salutationem
819 3630 942 3695 Marias
972 3630 1125 3707 Elisabel,
1157 3630 1314 3696 exultauit
1344 3630 1447 3697 inians
1479 3633 1509 3696 in
1541 3636 1634 3697 utero

340 3738 420 3815 eius,
443 3742 477 3799 et
506 3734 631 3816 repleta
661 3743 710 3801 est
741 3735 857 3817 spiritu
888 3743 998 3800 saneto
1022 3736 1174 3817 Elisabel,
1204 3738 1256 3799 42.
1281 3740 1313 3799 et
1335 3736 1526 3801 exclamauit
1556 3756 1635 3801 uoce

342 3859 458 3922 magna
488 3840 613 3906 dicens:
654 3840 829 3906 Benedicta
859 3846 893 3906 tu
925 3844 1009 3906 iuter
1040 3842 1198 3923 mulieres,
1230 3847 1262 3904 et
1293 3841 1479 3906 benedictus
1513 3842 1634 3907 fructus

341 3946 463 4009 uentris
485 3945 543 4011 tui.
574 3948 626 4013 43.
650 3947 694 4011 Ει
715 3946 799 4010 uodo
822 3947 881 4011 hnc
904 3946 991 4027 nrihi,
1024 3952 1059 4010 ut
1089 3947 1197 4011 ueniat
1227 3951 1329 4012 arator
1358 3945 1477 4011 domini
1509 3946 1570 4011 inei
1594 3948 1633 4012 ad

339 4054 415 4117 me?
436 4055 488 4119 44.
507 4054 592 4119 Ecce
607 4052 701 4134 enim,
718 4051 855 4117 utfacta
871 4058 997 4120 estnon
1014 4052 1217 4118 salutationis
1233 4060 1307 4117 tuae
1330 4051 1362 4114 ia
1393 4050 1523 4117 auribus
1546 4054 1634 4131 meis,

338 4159 495 4225 exultauit
517 4158 550 4223 in
573 4157 688 4240 gaudio
711 4156 817 4223 iulans
839 4159 871 4223 io
895 4164 986 4222 utero
1002 4176 1081 4235 meo,
1104 4161 1156 4223 43.
1181 4158 1338 4234 etberto,
1363 4174 1443 4238 quae
1459 4156 1634 4241 credidisti,

337 4266 485 4345 qnoniam
519 4261 723 4347 perficientur
753 4283 800 4343 ea,
824 4282 906 4345 quae
937 4264 1120 4328 dictasunt
1150 4264 1207 4328 libi
1231 4281 1250 4326 a
1273 4263 1409 4327 domino.
1440 4264 1491 4328 46.
1524 4262 1567 4326 Et
1590 4266 1636 4329 ait

337 4368 459 4434 Maria:
499 4368 686 4453 blagoificat
715 4371 819 4435 anima
848 4389 921 4433 mea
961 4370 1130 4450 domiuum,
1169 4372 1220 4433 47.
1253 4374 1286 4433 et
1316 4368 1472 4432 exultauit
1501 4368 1635 4450 spiritus

337 4492 429 4539 meus
458 4474 491 4537 in
521 4475 581 4539 deo
612 4475 747 4541 salutari
778 4493 859 4557 meo,
897 4476 950 4540 48.
982 4477 1056 4556 quia
1086 4476 1228 4557 respexit
1258 4474 1469 4539 humilitatem
1500 4474 1635 4539 ancillae

339 4598 432 4661 suam
463 4598 537 4647 ecce
560 4581 642 4646 enim
667 4599 706 4644 ex
736 4581 796 4645 hoc
819 4581 946 4645 beatam
970 4599 1020 4644 me
1052 4582 1158 4646 dicent
1180 4598 1289 4645 ornnes
1319 4580 1551 4662 generationes,
1581 4581 1632 4645 49.

340 4686 416 4766 quia
437 4684 514 4750 fecit
536 4685 613 4751 mihi
643 4704 768 4769 magna,
793 4687 846 4767 qui
881 4690 993 4767 potens
1023 4692 1073 4752 est
1102 4694 1135 4750 et
1165 4691 1310 4751 sanctum
1342 4703 1454 4751 nornen
1477 4686 1558 4750 eius.
1581 4686 1633 4752 50.

341 4788 384 4853 Et
406 4790 626 4855 misericordia
649 4792 719 4855 eius
742 4791 921 4857 insaecula
944 4792 1142 4856 saeculorum
1161 4792 1347 4856 timentibus
1371 4809 1452 4856 eum.
1475 4792 1527 4856 51.
1545 4788 1636 4856 Fecit
