3625 5775
170 526 207 581 0.
230 530 262 583 8.
599 526 781 597 Euangelinnn
799 527 951 582 secundum
969 530 1118 583 Lucanum.
1466 530 1505 594 91

174 738 297 820 cipuli
327 760 402 805 cum
426 740 490 806 illo.
516 745 545 805 2.
569 740 612 803 Et
634 740 794 816 mulieres,
817 756 901 819 quae
923 743 1016 802 erant
1039 743 1169 802 curatae
1193 740 1232 802 ab
1261 737 1428 820 spiritibus
1452 739 1508 802 im-

173 845 337 910 mundis
360 850 395 910 et
419 844 675 910 infirmitatibus:
701 844 814 923 Maria,
838 863 921 925 quae
944 850 1078 908 uocatur
1098 843 1298 924 Magdalena‚
1322 862 1418 923 aquo
1436 843 1509 908 dae-

176 950 310 1013 monia
340 949 412 1015 Vll.
429 950 582 1027 exierant,
606 951 636 1013 3.
652 954 686 1013 et
699 948 856 1025 Johanna,
872 966 952 1013 uxor
972 946 1108 1027 Girusaa,
1125 950 1343 1029 procuratoris
1360 946 1508 1031 Herodis,

177 1060 219 1117 et
248 1052 413 1118 Susanna
435 1061 469 1117 at
491 1053 573 1117 aliae
595 1053 725 1130 multae,
760 1071 841 1134 qnae
864 1051 1087 1116 ministrabant
1108 1054 1137 1117 ei
1154 1052 1193 1117 de
1210 1051 1415 1117 facultatibus
1431 1051 1508 1119 suis.

179 1160 215 1220 4.
246 1154 344 1223 Cum
374 1177 452 1241 ergo
483 1158 577 1221 turba
609 1157 813 1222 conuenisset
846 1160 879 1220 61
907 1155 947 1221 de
977 1155 1162 1221 ciuitatibus
1192 1157 1392 1236 adnatabant,
1428 1156 1507 1221 dixit

181 1262 452 1328 similitudinem
483 1262 522 1327 ad
555 1262 626 1326 illos
656 1262 765 1325 talem:
800 1260 831 1323 5.
866 1260 950 1325 Ecce
985 1259 1063 1324 exiit
1097 1261 1151 1340 qui
1183 1261 1320 1324 seminat
1349 1261 1508 1325 seminare

182 1384 318 1431 semen
337 1386 445 1444 sunm3
470 1376 504 1430 et
523 1367 595 1430 dnm
619 1365 765 1441 seminat,
783 1363 864 1428 aliut
883 1363 1000 1427 cecidit
1013 1381 1107 1428 secus
1123 1366 1218 1439 uiam,
1241 1370 1274 1428 et
1290 1364 1505 1431 conculcatum

186 1478 247 1535 est
274 1478 314 1535 et
336 1470 486 1535 uolucres
518 1469 597 1533 illud
620 1468 841 1534 comederunt:
880 1470 910 1533 6.
935 1468 978 1531 Et
1001 1468 1087 1531 aliud
1119 1469 1235 1533 cecidit
1258 1486 1355 1548 supra
1376 1475 1504 1552 terram,

186 1580 228 1638 et
255 1580 375 1640 natum
398 1576 494 1652 aruit,
519 1575 594 1655 quia
617 1592 679 1637 non
703 1572 841 1637 babebat
864 1573 1037 1637 humorem.
1064 1574 1091 1637 l.
1116 1572 1159 1636 Et
1182 1572 1262 1637 aliut
1284 1573 1399 1637 cecidit
1422 1574 1505 1638 inter

188 1680 328 1763 spinas,
353 1687 388 1745 et
409 1679 503 1744 simul
527 1680 681 1743 exhortae
705 1680 817 1759 spinae
840 1677 1080 1744 suliocauerunt
1110 1676 1190 1742 illut.
1226 1680 1256 1743 8.
1280 1677 1325 1740 Et
1346 1677 1431 1743 aliud
1455 1696 1505 1742 ee-

190 1784 286 1848 cidit
310 1786 343 1847 in
367 1790 485 1848 terram
502 1784 615 1848 bonnm
639 1792 671 1847 et
694 1789 802 1846 natum
826 1781 905 1846 lecit
924 1779 1061 1846 fructum
1077 1782 1269 1863 centuplum.
1297 1780 1381 1847 Haeo
1396 1782 1506 1848 dicens

192 1889 384 1954 clamabat:
409 1888 470 1965 Qui
489 1887 587 1952 babet
604 1902 698 1950 aures
715 1884 876 1963 audiendi,
900 1883 1022 1949 audiat.
1046 1886 1076 1950 9.
1101 1885 1385 1969 Interrogauerunt
1400 1893 1505 1950 autem

194 2010 280 2056 eum
304 1993 464 2073 discipuli,
488 2010 569 2072 quae
585 1994 673 2056 esset
687 1991 766 2054 baec
782 1989 957 2071 parabola?
985 1993 1031 2054 10.
1056 1989 1179 2066 Quibus
1199 1990 1269 2072 ipse
1284 1991 1380 2055 dixit:
1406 1990 1506 2055 Uobis

194 2098 317 2161 datum
343 2102 393 2162 eat
415 2115 510 2161 nosse
535 2097 718 2177 mysterium
743 2096 835 2175 regni
857 2096 928 2171 dei;
956 2092 1071 2159 ceteris
1093 2101 1198 2159 autem
1222 2096 1254 2159 in
1277 2095 1438 2176 parabolis
1459 2096 1504 2160 lo·

196 2218 300 2283 quor,
324 2205 360 2264 nt
382 2202 529 2265 uidentes
552 2219 615 2264 non
637 2200 780 2278 uideant,
804 2209 837 2264 et
858 2200 1028 2263 audientes
1051 2218 1112 2263 non
1138 2199 1335 2280 intellegant
1373 2204 1421 2263 11.
1447 2199 1505 2265 Est

198 2312 315 2369 antem
346 2305 424 2371 haec
454 2304 608 2386 parabola
638 2304 730 2368 talis:
764 2304 877 2370 Samen
910 2312 960 2368 est
983 2304 1115 2368 uerbum
1139 2304 1208 2383 dei;
1253 2305 1503 2387 12111ιί61161]

199 2426 300 2475 secus
331 2411 414 2473 uiam
444 2410 591 2474 seminati
622 2414 706 2486 sunt
729 2408 764 2472 bi
795 2414 880 2485 sunt,
911 2409 966 2488 qui
1001 2408 1136 2472 audiunt
1161 2408 1294 2473 uerbum
1323 2409 1390 2487 dei;
1415 2414 1505 2475 uenit

201 2520 314 2577 autem
337 2514 484 2579 diabolus
507 2515 708 2579 attollit...
733 2513 772 2577 de
795 2513 920 2579 illorum
937 2561 944 2575 .
963 2560 972 2579 .
991 2566 996 2577 .
1022 2512 1164 2591 uerbum,
1182 2532 1221 2579 ne
1237 2515 1401 2579 credentes
1419 2515 1501 2579 salui

203 2616 294 2682 liant.
321 2622 369 2684 13.
394 2618 475 2683 Nam
498 2619 553 2700 qui
577 2638 674 2699 snpra
697 2625 830 2698 petram„
854 2618 884 2681 bi
910 2626 994 2697 sunt,
1020 2619 1074 2699 (stri
1097 2636 1167 2681 cnm
1186 2618 1347 2683 audierint
1363 2618 1504 2701 uerbum,

205 2740 278 2786 cum
301 2723 418 2805 gaudio
440 2723 602 2805 recipiunt
626 2722 715 2799 illud,
740 2728 773 2786 et
794 2723 828 2787 bi
852 2723 977 2787 radices
1000 2741 1061 2786 non
1080 2722 1206 2799 babent,
1231 2724 1307 2803 quia
1323 2724 1364 2787 ad
1379 2732 1505 2806 tempus

206 2827 352 2905 credunt,
368 2835 402 2892 et
424 2828 455 2892 in
470 2834 614 2909 ternpore
629 2827 849 2908 temptationis
865 2828 1028 2892 recedunt.
1055 2830 1103 2892 14.
1128 2824 1218 2902 Quod
1234 2834 1339 2892 autem
1356 2830 1388 2892 in
1405 2830 1505 2910 spinis

206 2932 334 3014 cecidit,
359 2933 392 2996 bi
413 2938 498 3011 sunt,
522 2934 577 3013 qui
600 2933 737 2998 audiunt
759 2937 792 2996 et
813 2951 833 2995 a
852 2932 1110 2997 solicitudinibus
1126 2937 1159 2996 et
1175 2931 1298 2997 diuitiis
1313 2936 1346 2996 et
1361 2932 1505 3014 uolupta-

207 3038 294 3101 tibus
317 3038 403 3102 uitae
430 3043 553 3117 euntes,
584 3037 678 3102 simul
709 3035 910 3101 suffocantur
939 3041 972 3100 et
1003 3055 1064 3102 non
1096 3035 1241 3101 referunt
1271 3035 1418 3102 fructum.
1454 3041 1503 3104 15.

208 3142 299 3217 Quod
322 3147 427 3206 autem
452 3143 483 3207 in
508 3143 619 3208 bonam
643 3147 772 3220 terram,
804 3139 836 3205 hi
861 3147 944 3219 sunt,
965 3143 1020 3222 qui
1044 3143 1076 3206 iu
1109 3141 1204 3207 corde
1229 3142 1310 3207 bono
1338 3143 1505 3208 audientes

206 3247 339 3311 uerbum
364 3248 515 3328 retinent,
539 3253 571 3311 et
594 3245 730 3311 fructum
747 3244 894 3310 adferent
910 3264 968 3326 per
984 3245 1179 3326 patientiam.
1207 3247 1254 3311 16.
1280 3245 1381 3311 Nemo
1398 3252 1504 3312 autem

207 3352 357 3416 accendit
379 3351 540 3417 lucernam
564 3361 596 3415 61
618 3353 709 3432 ponit
731 3351 792 3415 sub
815 3351 930 3423 modio,
956 3352 1012 3416 sed
1036 3370 1133 3431 supra
1157 3350 1379 3416 candelabrum
1406 3353 1502 3432 ponit,

206 3460 243 3520 ut
265 3458 422 3521 intrantes
454 3456 585 3519 uideant
616 3456 730 3519 lumen.
771 3456 818 3518 17.
842 3455 912 3518 Non
938 3455 1020 3519 enirn
1052 3459 1103 3520 est
1134 3455 1302 3537 occultum,
1332 3453 1416 3535 quod
1441 3475 1504 3521 non

206 3559 437 3638 manifestetur,
461 3565 494 3624 et
516 3579 575 3624 nec
593 3559 793 3636 absconsum,
824 3559 887 3622 nisi
911 3563 1122 3640 cognoscatur
1145 3563 1178 3622 et
1202 3557 1233 3622 in
1257 3558 1360 3639 palam
1384 3561 1503 3626 ueniat.

208 3667 257 3730 18.
283 3664 410 3743 Uidere,
442 3665 598 3745 quomodo
622 3663 786 3728 audiatis?
817 3664 877 3740 Qui
901 3663 985 3728 enim
1009 3661 1116 3742 habet,
1141 3661 1270 3727 dabitur
1293 3662 1350 3741 illi,
1379 3669 1412 3728 et
1435 3667 1503 3745 qui-

207 3789 342 3851 cumque
365 3788 428 3835 non
444 3769 550 3846 nabet,
575 3769 670 3832 etiam
693 3769 777 3850 quod
795 3774 886 3850 putat
909 3787 943 3833 se
969 3767 1095 3850 babere,
1120 3765 1283 3831 auferetur
1305 3767 1345 3830 ab
1361 3768 1428 3834 illo.
1454 3771 1503 3834 19.

206 3875 373 3940 Uenerunt
396 3881 503 3939 autem
528 3874 569 3937 ad
592 3872 682 3938 illum
705 3878 808 3936 mater
831 3878 864 3936 et
878 3872 995 3937 iratres
1018 3875 1088 3938 eius
1111 3877 1143 3936 61
1167 3890 1228 3936 nou
1252 3877 1400 3955 poterant
1414 3873 1504 3938 adira

206 3980 246 4042 ad
277 3999 348 4043 eum
381 3998 455 4062 prae
473 4029 480 4042 .
499 4027 530 4042 ..
554 3977 747 4042 Nuntiatum
765 4026 771 4038 .
790 4026 822 4042 ..
847 3985 953 4042 autem
984 3977 1039 4058 illi,
1089 3979 1140 4044 20.
1164 3977 1241 4058 quia
1271 3982 1372 4042 mater
1394 3983 1450 4042 tua
1471 3984 1505 4043 et

206 4084 319 4148 iratres
343 4087 389 4149 tui
421 4090 507 4150 stant
537 4082 626 4160 ioris,
649 4083 795 4148 uolentes
826 4089 857 4147 16
881 4082 1003 4148 uidere.
1038 4084 1088 4146 21.
1115 4080 1175 4158 Qui
1202 4082 1399 4163 respondens
1424 4081 1505 4148 dixit

89 4226 91 4229 -
206 4189 245 4251 ad
269 4207 339 4254 eos:
365 4190 471 4254 Mater
493 4194 526 4254 et
548 4189 665 4253 tratres
688 4189 748 4252 mei
775 4188 806 4250 bi
830 4193 914 4267 sunt,
938 4188 992 4268 qui
1015 4195 1146 4252 uerbum
1170 4186 1220 4251 dei
1245 4185 1379 4251 audiunt
1402 4191 1434 4251 et
1457 4185 1503 4254 la-

207 4295 303 4357 ciunt.
338 4297 389 4358 22.
413 4295 544 4359 Factum
576 4297 755 4358 astantem
779 4293 811 4356 in
833 4309 897 4356 nna
918 4291 1053 4368 dierum,
1077 4297 1110 4356 et
1134 4292 1200 4373 ipse
1224 4289 1370 4356 ascendit
1392 4291 1424 4356 in
1448 4310 1503 4357 na·

207 4395 354 4473 uiculam,
370 4403 402 4460 61
418 4398 566 4480 discipuli
582 4401 661 4475 eius,
678 4404 711 4462 et
726 4398 773 4462 ait
788 4395 827 4460 ad
845 4398 934 4461 illos:
959 4395 1215 4461 Transireternus
1232 4400 1320 4461 trans
1340 4403 1501 4476 stagnurn;

206 4503 239 4562 et
269 4499 465 4566 leuaberunt.
500 4505 551 4568 23.
579 4501 815 4585 Nauigantibus
844 4506 951 4564 autem
984 4500 1048 4565 illis
1070 4501 1250 4578 obdormiit,
1284 4505 1316 4564 et
1339 4499 1504 4564 descendit

205 4603 348 4684 procella
370 4605 469 4683 uenti,
501 4612 534 4669 et
557 4606 747 4687 implebatur
771 4603 961 4670 attactibus
990 4604 1150 4682 nauicula,
1174 4610 1206 4667 et
1229 4603 1501 4685 periclitabantur.

204 4709 256 4774 24.
283 4710 480 4776 decedentes
501 4715 610 4774 autem
640 4711 878 4774 auscitauerunt
909 4728 981 4774 eum
1004 4707 1162 4774 dicentes:
1195 4708 1397 4790 Praeceptor,
1432 4727 1502 4791 per-

206 4817 296 4884 imus.
318 4816 367 4881 Ad
383 4815 437 4880 ille
452 4832 585 4897 surgens
600 4814 772 4898 imperauit
794 4818 891 4878 uento
914 4818 949 4880 et
972 4813 1153 4896 tempestati
1178 4831 1279 4894 aquae
1302 4819 1335 4880 61
1357 4831 1501 4882 cessaue-
