3625 5775
192 560 221 615 c.
241 566 281 615 11.
568 558 749 629 Euangelium
768 558 921 617 secundnm
940 560 1120 618 Matthaeum.
1450 570 1493 633 23

191 769 261 835 dico
285 768 386 849 uobis,
412 769 561 851 quoniam
585 774 658 835 sunt
688 769 789 852 aliqui
813 771 852 835 de
876 772 948 838 istis
971 771 1181 851 adstantibus,
1213 774 1267 855 qui
1295 794 1357 840 non
1381 782 1489 858 gusta·

191 876 271 940 bunt
294 879 437 955 mortem,
461 874 561 941 donec
584 875 715 942 uideant
746 874 844 941 filium
869 878 1004 943 bominis
1033 879 1214 943 uenientem
1238 880 1270 944 in
1293 898 1392 963 regno
1422 900 1490 948 suo.

292 1082 409 1150 xvll.
436 1086 465 1149 1.
490 1082 532 1149 Et
554 1083 671 1150 iactum
695 1088 746 1151 est
767 1090 842 1168 post
865 1087 934 1151 dies
958 1104 1012 1153 sex
1037 1090 1218 1172 adsumpsit
1239 1089 1336 1156 Jesus
1359 1090 1488 1155 Petrum

189 1194 223 1254 et
245 1188 399 1255 iacobum
423 1195 456 1253 61
478 1186 656 1255 iohannem
687 1190 818 1256 fratrem
849 1193 920 1257 eius
942 1198 975 1257 et
998 1192 1087 1259 ducit
1115 1193 1188 1261 illos
1211 1193 1243 1259 in
1266 1200 1405 1261 montem
1435 1214 1488 1260 ex·

189 1295 308 1360 celsum
341 1312 494 1370 seorsum,
528 1296 547 1358 2
569 1300 602 1359 et
624 1292 871 1377 transfiguratus
901 1302 951 1362 est
972 1296 1068 1365 Jssus
1091 1304 1164 1364 ante
1186 1318 1250 1366 eos.
1285 1298 1329 1364 Et
1349 1299 1489 1382 resplen·

188 1399 260 1463 duit
282 1398 380 1465 iacies
404 1400 473 1464 eius
506 1400 588 1464 sicut
611 1400 668 1481 sol,
693 1402 886 1468 uestimenta
907 1406 1014 1467 autem
1047 1404 1116 1468 eins
1138 1402 1224 1468 iacta
1247 1409 1322 1470 sunt
1352 1403 1491 1469 candida

187 1503 270 1569 sicut
301 1506 364 1569 uix.
399 1506 429 1571 3.
453 1502 497 1569 Et
529 1522 602 1571 ecce
633 1508 783 1588 apparuit
813 1506 877 1571 illis
908 1506 1036 1589 Moyses
1066 1514 1100 1573 et
1130 1507 1241 1574 Helias
1271 1527 1341 1573 cnm
1373 1527 1411 1573 eo
1442 1509 1487 1573 lo·

188 1616 333 1691 quentes.
379 1610 410 1673 4.
444 1608 652 1691 Respondeas
687 1617 793 1676 autem
830 1612 944 1677 Petrus
981 1612 1062 1677 dixit
1096 1614 1137 1678 ad
1171 1613 1300 1679 desum:
1343 1614 1487 1691 Domine,

187 1714 304 1779 bonum
330 1718 449 1781 estnos
472 1714 524 1778 hic
547 1732 628 1793 esse,
653 1716 679 1779 si
696 1715 746 1781 uis
769 1715 882 1781 facium
906 1716 959 1781 bic
973 1716 1036 1782 tria
1058 1717 1274 1797 tabernacula,
1297 1717 1356 1782 tibi
1379 1735 1487 1801 unum,
1558 1766 1563 1776 .

187 1816 301 1884 Heliae
317 1838 413 1883 unum
430 1826 463 1883 et
479 1817 581 1903 Moysi
600 1838 706 1884 arnum.
731 1820 760 1885 5.
778 1821 891 1887 Adbuc
906 1841 944 1887 eo
960 1822 1110 1905 loquente
1126 1840 1201 1888 ecce
1216 1822 1297 1888 nubs
1313 1822 1419 1888 lucida
1441 1823 1486 1888 in-

188 1922 349 1988 umbrauit
372 1940 438 1991 eos.
462 1922 505 1989 Et
535 1942 609 1988 ecce
639 1943 701 1991 uox
724 1924 764 1989 de
788 1925 870 1989 nube
895 1925 1021 1993 dicens:
1055 1927 1115 1992 Hic
1138 1932 1189 1993 est
1212 1925 1297 1993 lilius
1329 1946 1418 1993 meus
1441 1928 1487 1993 di-

188 2027 302 2108 lectus,
327 2029 357 2093 in
388 2047 450 2111 quo
474 2029 550 2094 mihi
583 2029 662 2094 bene
694 2029 879 2112 complacui,
912 2031 1015 2113 ipsum
1039 2032 1158 2097 audite.
1193 2035 1223 2096 d.
1247 2032 1291 2097 Et
1320 2031 1487 2097 audientes

186 2133 336 2214 discipuli
362 2134 545 2199 ceciderunt
568 2134 600 2198 in
617 2133 728 2199 icciem
754 2153 841 2200 suam
859 2141 892 2200 et
906 2136 1083 2201 timuerunt
1106 2137 1212 2203 uelde.
1236 2138 1265 2201 i.
1291 2138 1334 2203 Et
1350 2138 1488 2204 accessit

183 2236 281 2304 iesus
311 2241 344 2302 et
373 2237 481 2321 tetigit
512 2257 565 2303 eos
597 2238 739 2320 dixitque
770 2239 834 2305 eis:
866 2240 994 2323 Surgite
1017 2247 1050 2305 et
1073 2240 1173 2305 nolite
1201 2242 1325 2308 timere.
1372 2242 1401 2307 8.
1426 2242 1487 2306 Le

184 2348 299 2409 nantes
322 2348 428 2408 autem
459 2343 568 2409 oculos
591 2360 667 2408 suos
698 2345 854 2410 neminem
888 2345 1050 2429 uiderunt,
1082 2346 1143 2411 nisi
1175 2344 1276 2411 solum
1308 2346 1430 2413 Jssum.
1455 2348 1484 2411 9.

184 2447 227 2512 Et
251 2447 519 2513 descendentibus
543 2448 608 2514 illis
632 2448 671 2512 de
695 2453 801 2514 monte
823 2451 990 2531 praecepit
1012 2452 1060 2517 eis
1081 2450 1178 2516 Jesus
1207 2450 1335 2517 diceas:
1358 2450 1485 2516 Nemini

186 2554 334 2618 dixeritis
349 2554 464 2631 uisum,
490 2553 590 2618 donec
613 2550 698 2618 iilius
721 2552 858 2619 hominis
874 2572 892 2618 a
908 2554 1044 2620 mortuis
1067 2559 1222 2637 resurgat.
1251 2557 1298 2621 10,
1323 2556 1367 2620 nt
1388 2556 1486 2621 inter·

183 2662 379 2739 rogauerunt
401 2676 473 2723 eum
506 2658 653 2740 discipuli
688 2658 847 2725 dicentes:
879 2659 964 2737 Quid
987 2678 1063 2743 ergo
1094 2660 1218 2726 scribae
1250 2661 1369 2744 dicunt,
1401 2662 1484 2743 quol

184 2762 307 2828 Heliam
333 2768 458 2845 oportet
480 2762 616 2846 primum
646 2765 780 2830 uenire?
816 2766 863 2831 ll.
891 2764 940 2829 Ad
964 2766 1033 2847 ipse
1056 2766 1253 2847 respondens
1277 2767 1341 2831 ait:
1372 2766 1485 2832 Helias

183 2869 309 2953 quidem
339 2876 494 2936 uenturus
516 2875 566 2936 est
599 2870 769 2936 restituere
793 2870 906 2936 omnia.
955 2871 1005 2936 12.
1030 2870 1109 2936 Dico
1134 2877 1240 2937 autem
1263 2869 1367 2954 uobis,
1398 2872 1485 2953 quod

184 2973 294 3040 Helias
326 2975 387 3040 ium
410 2977 509 3056 uenit,
545 2982 578 3040 et
608 2995 669 3040 non
701 2980 922 3058 cognouerunt
953 2994 1025 3041 eum
1057 2983 1090 3041 et
1120 2975 1266 3041 lecerunt
1294 2977 1334 3055 si,
1365 2981 1484 3057 quanta

67 3133 69 3138 ,
181 3079 361 3145 uoluerunt.
391 3081 437 3144 13.
463 3081 505 3145 lit
525 3087 602 3146 tunc
626 3080 851 3146 intellexerunt
874 3080 1034 3164 discipuli,
1057 3082 1142 3163 quod
1166 3080 1206 3144 de
1229 3079 1376 3145 Jobunne
1399 3079 1482 3163 Bap·

181 3185 258 3250 tiata
289 3185 406 3250 dixerit
436 3183 516 3251 illis:
549 3185 602 3252 Sic
635 3190 668 3250 et
690 3183 775 3250 filius
806 3185 944 3251 bominis
976 3203 1108 3251 necesse
1140 3183 1236 3250 babet
1266 3185 1333 3267 pati
1362 3185 1402 3249 ab
1424 3185 1482 3250 eis.

186 3291 233 3353 14.
257 3289 393 3354 Etcum
418 3291 560 3355 uenisset
584 3289 622 3354 ad
654 3290 789 3370 turbam,
813 3292 949 3357 accessit
971 3291 1011 3355 sd
1036 3309 1107 3354 curn
1138 3290 1231 3355 bomo
1254 3288 1389 3372 genibus
1414 3308 1484 3370 pro·

180 3393 310 3460 uolutus
334 3399 408 3459 ante
431 3414 501 3459 eum
525 3413 640 3476 rogans
664 3413 736 3460 sum
759 3401 792 3460 et
815 3396 944 3461 dicens:
976 3394 1113 3476 domine,
1136 3394 1290 3459 miserere
1312 3391 1377 3458 filio
1401 3412 1481 3472 meo,

183 3498 258 3580 quia
280 3498 441 3562 lunaticus
473 3501 523 3563 est
545 3504 577 3563 et
600 3500 682 3565 male
712 3505 897 3582 torquetur;
925 3519 998 3566 narn
1029 3518 1126 3582 saepe
1148 3498 1237 3565 cedit
1266 3499 1298 3562 in
1321 3499 1427 3582 iguem
1449 3504 1483 3562 et

183 3601 353 3684 aliquando
384 3603 565 3685 inaquam.
604 3604 719 3670 16111
750 3605 852 3686 optuli
884 3622 957 3669 eum
980 3601 1146 3685 discipulis
1176 3601 1252 3683 tuis,
1283 3606 1316 3667 et
1338 3620 1400 3666 non
1429 3620 1481 3682 po·
1612 3599 1618 3608 “

181 3713 314 3772 tuerunt
336 3725 448 3773 curare
471 3727 552 3773 eum.
580 3711 628 3772 111.
653 3709 864 3791 Respondeas
886 3709 984 3774 ‚Iesus
1007 3710 1069 3774 ait.
1106 3707 1134 3772 Ο
1156 3707 1320 3791 generatio
1345 3705 1481 3771 incredi-

182 3810 256 3878 bilis
279 3825 312 3876 et
336 3830 498 3895 peruersa,
522 3831 688 3894 quousque
712 3814 814 3894 patiar
836 3813 917 3878 uos?
940 3831 1103 3895 quousque
1129 3830 1182 3878 oro
1207 3810 1393 3877 uobiscum?
1417 3811 1481 3875 Ad-

183 3915 265 3981 16116
288 3917 349 3982 lrur
365 3917 453 3982 illum
472 3918 509 3982 ud
526 3935 588 3982 me.
615 3919 664 3984 11.
682 3917 725 3981 Ε1
741 3917 922 4000 increpauit
944 3935 1015 3982 eum
1031 3916 1138 3996 lesus,
1154 3924 1188 3982 et
1202 3917 1282 3982 exiit
1296 3915 1336 3979 ab
1351 3933 1389 3980 6ο
1406 3915 1479 3979 dao-

184 4022 332 4100 monium‚
356 4027 389 4086 et
412 4027 543 4087 curatus
566 4027 615 4087 est
646 4041 725 4104 puer
748 4040 786 4086 ex
810 4022 866 4087 illa
889 4022 979 4088 hora
1012 4025 1061 4089 18.
1085 4023 1175 4087 Τ616
1205 4027 1412 4087 accesserunt
1434 4020 1481 4085 di·

181 4127 297 4208 scipuli
316 4128 356 4190 ad
379 4125 490 4192 Jesum
508 4131 633 4192 secreto
657 4131 690 4191 et
712 4127 863 4217 dixerunt
876 4128 926 4192 ei:
950 4127 1086 4206 domine,
1110 4143 1208 4209 quare
1231 4143 1289 4190 nos
1304 4143 1366 4190 non
1390 4129 1480 4206 potu-

184 4233 265 4296 imus
289 4233 394 4296 eioere
417 4230 530 4296 illum?
555 4232 603 4295 19.
630 4232 716 4297 Dicit
739 4231 805 4296 illis
825 4215 940 4298 iesus:
967 4234 1101 4313 Propter
1123 4229 1378 4296 incredulitatem
1411 4247 1481 4295 ues-

180 4343 270 4400 tram.
305 4338 405 4401 brnen
435 4337 506 4402 dico
537 4336 640 4416 uubis,
673 4338 699 4403 61
738 4337 916 4404 habueritis
946 4337 1040 4401 iidem
1072 4337 1156 4402 sicut
1186 4353 1320 4417 manum
1351 4335 1480 4417 sinapis,

182 4441 334 4506 diceretis
356 4443 453 4507 monti
479 4441 568 4508 huic:
593 4439 707 4507 Transi
733 4443 807 4507 bino
830 4441 915 4526 illuc,
940 4450 973 4506 et
994 4442 1152 4521 transibit,
1177 4447 1209 4506 et
1232 4439 1311 4504 nibil
1334 4439 1479 4519 impossi·

179 4546 243 4612 bile
266 4545 330 4612 e‘rit
351 4548 450 4614 uobis.
475 4549 526 4613 20.
550 4547 619 4613 Hoc
642 4553 746 4612 autem
770 4564 870 4628 genus
894 4547 1097 4612 daemonium
1121 4565 1183 4611 non
1208 4545 1323 4611 eicitur
1345 4543 1408 4608 nisi
1424 4563 1481 4625 por

179 4653 355 4717 orationem
379 4658 412 4717 et
435 4651 596 4717 ieiunium.
629 4655 677 4716 21.
715 4652 797 4734 Ipsis
821 4658 928 4717 sutem
952 4651 1216 4718 conuerssotibus
1247 4649 1279 4713 in
1302 4647 1481 4714 Galilaeam

180 4756 260 4821 dixit
281 4757 396 4823 iesus:
421 4757 576 4821 Futurum
613 4764 672 4836 est,
697 4761 733 4821 ut
755 4755 840 4822 filius
865 4758 1000 4822 hominis
1031 4755 1178 4822 tradatur
1200 4755 1232 4820 in
1254 4753 1402 4818 menibus
1424 4752 1479 4817 bo-

179 4862 308 4942 minum,
333 4866 367 4925 et
389 4861 535 4928 occident
558 4881 641 4940 eum,
665 4867 794 4943 etpost
818 4864 948 4926 tertium
972 4862 1056 4927 diem
1078 4865 1235 4944 resurget.
1267 4861 1318 4924 22.
1343 4857 1479 4925 Etcum
