3625 5775
354 494 417 560 100
744 488 926 558 Euangeiinnc
944 487 1095 544 secundnm
1115 489 1265 546 Lucanum.
1563 492 1592 547 C.
1614 498 1652 546 11.

353 703 424 768 dico
446 701 555 768 uobis:
587 702 767 782 requiretur
789 701 829 767 ab
853 702 913 768 bac
942 703 1158 785 generatione.
1204 705 1256 771 52.
1282 702 1351 772 Uae
1377 707 1466 772 nobis
1488 705 1653 788 legisperi-

351 807 406 885 tis,
429 807 506 889 quia
527 806 723 873 absconditis
745 808 867 874 clsuem
890 806 1055 888 scientiae,
1078 814 1112 874 et
1135 807 1196 892 ipsi
1220 827 1282 876 non
1305 810 1444 877 introitis
1467 817 1501 878 11
1522 830 1577 878 111
1598 813 1652 894 qui

353 913 537 992 introibant,
562 910 786 994 prohibuistis.
817 915 869 980 53.
894 913 973 978 Cum
998 913 1039 978 ad
1063 914 1134 978 illos
1166 914 1288 982 diceret
1316 933 1423 980 corsrn
1446 917 1529 981 omni
1552 915 1654 1000 plebe,

354 1022 529 1100 coeperunt
552 1017 717 1084 Pharisaei
732 1022 767 1083 et
787 1018 966 1102 legisperiti
989 1019 1072 1084 male
1094 1019 1213 1086 babere
1240 1024 1274 1086 et
1289 1021 1484 1087 committere
1506 1040 1577 1086 cum
1601 1021 1654 1085 illo

353 1124 407 1189 54.
431 1126 622 1205 quaerentes
657 1123 696 1190 de
730 1123 842 1190 multis
864 1125 1086 1191 occansionem
1109 1125 1248 1208 aliquam
1283 1125 1427 1192 inuenire
1461 1125 1501 1192 de
1530 1125 1585 1192 illo
1619 1132 1655 1192 ut

354 1247 428 1294 eum
450 1232 647 1294 accusarent.

458 1435 544 1504 xli.
570 1439 597 1502 1.
622 1435 736 1503 Μ11111
758 1441 865 1502 autem
889 1436 991 1504 turbis
1021 1439 1312 1522 circumstantibus,
1336 1441 1434 1507 11111
1457 1459 1492 1506 se
1516 1441 1652 1506 inuicem

354 1542 587 1621 conculcarent,
621 1543 668 1608 ita
691 1543 797 1624 coepit
820 1542 928 1608 dicere
962 1543 1002 1608 ad
1033 1543 1207 1626 discipulos
1231 1562 1322 1612 suos:
1369 1545 1535 1612 Attendite
1558 1543 1650 1609 nobis

356 1647 546 1713 aicrmento
564 1647 821 1731 Pharisaeorum,
845 1666 927 1730 quae
943 1653 993 1714 est
1008 1648 1196 1731 hypocrisis.
1220 1653 1249 1716 2.
1274 1649 1362 1716 Nibil
1385 1655 1492 1718 autern
1507 1653 1653 1732 opertum

355 1758 415 1831 est,
438 1752 523 1836 quod
553 1771 616 1819 non
639 1752 811 1830 reueletur,
834 1771 939 1834 neque
968 1754 1137 1834 occultum,
1160 1755 1246 1838 qnod
1268 1774 1330 1823 non
1354 1755 1482 1822 scietur.
1517 1756 1547 1821 3.
1572 1754 1655 1831 Quo·

356 1859 441 1924 niem
466 1877 548 1940 quae
570 1859 603 1924 in
626 1855 767 1925 tenebris
801 1859 940 1938 dixistis,
975 1858 1149 1925 inlumina
1173 1861 1329 1944 dicentur,
1360 1867 1393 1926 et
1416 1859 1501 1942 quod
1524 1861 1655 1924 inaure

355 1964 456 2030 locuti
477 1964 567 2037 estis,
591 1963 831 2048 praedicabitur
854 1967 1069 2046 supertecta,
1094 1983 1152 2029 nec
1175 1983 1238 2032 non
1261 1970 1294 2030 st
1315 1965 1348 2030 in
1371 1965 1497 2048 plateis.
1521 1965 1551 2029 4.
1575 1964 1655 2029 Dico

355 2072 463 2136 autem
485 2067 577 2134 uobis
608 2070 720 2134 amicis
742 2069 840 2135 meis:
876 2069 985 2134 uidete
1007 2087 1047 2137 nc
1069 2071 1254 2136 terreamini
1279 2070 1319 2136 ab
1342 2070 1403 2149 bis,
1426 2071 1480 2154 qui
1505 2068 1654 2134 occidunt

357 2192 482 2256 corpus,
506 2179 540 2239 et
564 2172 736 2255 posthaec
758 2191 820 2239 uon
843 2172 963 2239 hebent
986 2174 1123 2255 emplius
1147 2175 1232 2256 qnod
1254 2173 1380 2243 lecisnt.
1426 2177 1456 2242 5.
1481 2173 1655 2242 Ostendam

357 2284 465 2346 autem
487 2278 589 2358 uobis,
611 2297 705 2359 quern
727 2279 884 2345 timeatis:
909 2279 1019 2344 timete
1042 2296 1115 2346 curn
1139 2279 1194 2361 qui
1216 2283 1385 2363 postquam
1409 2279 1536 2358 occidit,
1559 2280 1656 2345 babet

357 2385 549 2465 potestatem
572 2382 699 2449 mittere
722 2383 754 2448 in
778 2382 966 2463 gebennam.
990 2383 1097 2450 Etiam
1121 2382 1192 2449 dico
1216 2384 1329 2452 uobis:
1354 2385 1437 2450 lrunc
1459 2385 1581 2450 timete.
1626 2388 1657 2450 6.

355 2487 468 2554 Nonne
490 2488 554 2553 duo
578 2505 723 2569 passeres
756 2503 829 2552 asse
852 2487 1009 2553 ueniunt?
1043 2494 1076 2554 11
1100 2508 1197 2554 unum
1220 2509 1260 2554 ex
1283 2488 1350 2555 illis
1383 2507 1445 2556 uon
1476 2488 1565 2554 cadit
1587 2487 1655 2554 sine

356 2593 522 2659 uoluntate
545 2591 607 2658 dei.
653 2594 682 2657 1.
705 2591 768 2658 Sed
791 2598 825 2657 et
847 2592 954 2674 capilli
978 2592 1093 2676 capitis
1122 2595 1222 2660 uestri
1257 2613 1366 2662 omnes
1390 2595 1547 2661 numerati
1571 2597 1655 2660 sunt

356 2695 466 2764 Nolite
488 2699 618 2776 timere;
642 2698 750 2763 multis
773 2697 960 2779 passeribus
983 2699 1093 2781 plures
1116 2700 1204 2766 estis.
1250 2701 1280 2766 8.
1305 2700 1386 2765 Dico
1420 2697 1512 2766 uobis
1535 2717 1655 2776 omnes,

358 2804 548 2886 quicumque
580 2822 631 2873 me
666 2802 830 2869 confessus
863 2800 963 2870 luerit
997 2821 1101 2870 coram
1136 2804 1326 2884 bominibus,
1357 2808 1389 2869 et
1411 2801 1498 2870 filins
1519 2803 1656 2870 bominis

359 2907 561 2977 confitebitur
583 2910 673 2975 illurn
696 2928 803 2975 coram
827 2909 953 2994 angelis
976 2909 1046 2989 dei;
1081 2912 1111 2975 9.
1136 2912 1189 2991 qni
1213 2912 1320 2975 antem
1343 2910 1510 2991 negauerit
1532 2926 1582 2973 me
1605 2927 1654 2975 co·

359 3032 427 3080 rann
450 3014 643 3092 bominibus,
666 3014 789 3097 negabo
821 3021 854 3080 et
876 3034 949 3080 eum
973 3033 1078 3081 coram
1110 3020 1201 3097 patre
1233 3034 1312 3095 meo,
1343 3015 1397 3096 qui
1422 3019 1472 3080 est
1494 3014 1527 3079 in
1549 3014 1654 3080 coelis.

361 3122 411 3186 10.
434 3118 479 3185 Et
500 3121 601 3186 orunis
625 3120 680 3201 qui
703 3119 783 3187 dicit
806 3118 940 3187 uerbum
970 3120 1002 3184 in
1025 3118 1125 3184 lilium
1148 3118 1294 3199 hominis,
1325 3120 1505 3185 remittetur
1528 3120 1578 3197 ei;
1603 3118 1657 3202 qni

359 3229 467 3290 eutem
490 3224 523 3289 in
552 3225 668 3305 spiritu
699 3230 811 3291 111111
843 3242 1035 3289 ....111
1067 3225 1249 3291 remittetur
1277 3225 1317 3290 ei.
1365 3227 1415 3291 ll.
1439 3222 1518 3291 Gum
1549 3230 1655 3289 antem

359 3328 479 3395 ducent
499 3347 558 3396 uos
582 3328 614 3395 in
644 3330 816 3413 synagogis
846 3334 879 3395 et
907 3329 948 3395 ad
973 3331 1179 3413 magistratus
1203 3335 1236 3396 11
1257 3333 1442 3413 potestates,
1473 3330 1572 3395 nolite
1595 3328 1655 3394 sol-

364 3434 444 3499 liciti
468 3450 550 3514 esse,
573 3433 713 3516 qualiter
735 3434 959 3516 respondeatis
983 3440 1039 3499 111
1061 3434 1190 3502 dicatis.
1226 3436 1274 3500 12.
1298 3432 1437 3517 Spiritus
1460 3436 1543 3499 enirn
1567 3452 1656 3501 sanc-

363 3544 415 3606 tus
449 3539 574 3606 docebit
607 3558 666 3605 uos
696 3540 729 3607 in
763 3541 833 3623 ipsa
870 3541 959 3622 bora,
998 3558 1080 3622 qnae
1124 3544 1272 3623 oporteat
1302 3539 1418 3606 dicere.
1468 3542 1515 3605 13.
1547 3540 1591 3605 Et
1613 3540 1657 3605 ait

363 3646 491 3728 quidam
516 3645 681 3711 deturba:
706 3644 870 3727 Magister,
895 3645 947 3713 dic
968 3645 1064 3712 frotri
1079 3664 1158 3724 meo,
1182 3650 1219 3713 nt
1242 3646 1367 3711 diuidat
1389 3663 1510 3711 mecum
1533 3644 1655 3711 heredi·

361 3756 469 3818 tatem.
494 3753 544 3817 14.
568 3751 619 3817 Ad
642 3751 697 3818 ille
720 3752 801 3817 dirit
823 3752 870 3817 ci:
903 3750 931 3817 0
955 3751 1058 3833 homo,
1083 3751 1155 3832 quis
1178 3768 1227 3816 rue
1252 3750 1418 3817 constituit
1441 3748 1577 3817 iudicem
1602 3754 1656 3815 ant

362 3858 615 3939 dispensatorem
639 3857 841 3936 supernos?
880 3854 927 3923 rb.
952 3856 1043 3921 Dixit
1064 3859 1169 3921 autern
1194 3855 1234 3921 ad
1258 3874 1327 3921 eos:
1352 3854 1468 3921 Uidete
1491 3858 1525 3921 et
1547 3858 1657 3921 cauete

363 3961 403 4027 ab
427 3962 512 4026 omni
535 3960 682 4043 auaritia,
707 3960 782 4043 qnia
805 3980 868 4027 non
891 3962 923 4026 in
947 3961 1141 4028 abundantia
1165 3962 1350 4045 cuiusquam
1365 3962 1434 4026 1111
1456 3960 1525 4025 1111
1548 3966 1657 4026 11111

362 4066 423 4145 bis,
446 4084 528 4147 quae
562 4065 713 4147 possidet.
753 4067 915 4132 11111111
949 4072 1053 4131 autern
1087 4068 1328 4133 similitudinem
1363 4066 1403 4133 ad
1434 4066 1506 4132 illos
1530 4066 1656 4131 dicens:

363 4168 509 4235 Hominis
532 4168 694 4237 cuiusdam
719 4169 831 4237 diuitis
859 4170 975 4239 uberes
1004 4170 1126 4237 fructus
1149 4172 1259 4239 attulit
1281 4173 1451 4254 possessio.
1482 4171 1527 4236 ll.
1551 4176 1584 4237 11
1606 4190 1656 4237 11-

362 4275 479 4358 gituuit
499 4275 584 4341 intre
606 4292 642 4340 se
664 4276 793 4342 dicens:
816 4276 893 4358 quid
918 4274 1032 4342 iscium
1055 4276 1139 4359 qnod
1162 4295 1224 4343 uon
1247 4277 1359 4361 babeo,
1384 4295 1446 4358 quo
1470 4294 1656 4359 congregem

362 4382 485 4447 tructus
507 4380 617 4445 meos?
640 4382 690 4447 18.
715 4379 759 4445 Et
782 4380 864 4447 dixit
886 4430 893 4446 .
920 4430 927 4444 .
952 4431 958 4445 .
983 4432 990 4447 .
1014 4381 1176 4447 destruam
1199 4380 1314 4447 horrea
1329 4398 1399 4446 mea
1422 4387 1456 4449 et
1470 4383 1589 4449 maiore
1611 4382 1658 4447 ia·

363 4487 511 4562 clamet
534 4484 612 4550 illuc
634 4486 854 4567 congraegabo
877 4486 982 4551 omnia
1014 4504 1096 4568 quae
1119 4489 1194 4551 nats
1216 4490 1292 4553 sunt
1313 4485 1399 4553 mibi.
1427 4489 1476 4553 19.
1500 4491 1533 4554 et
1556 4488 1656 4553 dicam

363 4590 489 4656 animae
523 4608 630 4656 meae:
676 4589 785 4657 Habes
819 4591 920 4657 multa
943 4590 1034 4671 bons,
1069 4590 1229 4673 aepulare.
1274 4592 1326 4657 20.
1351 4592 1440 4657 Dixit
1473 4597 1580 4659 autem
1614 4591 1658 4657 illi

365 4694 463 4760 deus:
488 4693 602 4779 Stulte,
626 4694 685 4761 bac
708 4699 801 4761 nocte
825 4694 963 4759 animam
985 4700 1070 4761 tuam
1094 4698 1244 4777 repetunt
1275 4702 1347 4761 ate
1371 4746 1453 4763 ....
1477 4703 1583 4764 autem
1601 4744 1608 4759 .
1627 4745 1657 4760 ..

363 4799 390 4864 11
413 4799 720 4867 1111111111121.
745 4798 836 4865 Dixit
858 4804 963 4865 autem
987 4800 1027 4865 ud
1051 4799 1226 4883 discipulos
1249 4818 1340 4866 suos:
1376 4806 1546 4884 propterea
1568 4800 1659 4867 uobis
