3625 5775
366 519 428 584 13ss
761 516 945 586 Euangelium
963 517 1117 572 secundum
1136 518 1270 574 Marcam.
1570 525 1599 580 c.
1620 533 1660 580 la.

357 735 470 806 tuo,ct
491 747 530 795 er
557 733 626 794 tota
648 731 753 794 anima
775 735 842 811 tua,
866 737 899 794 et
923 750 959 794 ex
983 732 1059 796 totis
1083 733 1207 798 uiribus
1231 734 1306 814 tuis,
1330 745 1423 800 etex
1447 743 1516 802 tota
1539 739 1661 803 uirtute

357 842 422 896 tua.
448 833 517 897 Hoc
539 839 589 898 ast
613 835 748 913 primum
784 836 979 898 mandatum.
1015 838 1067 901 31.
1104 836 1284 902 Secundum
1317 841 1422 904 simile
1446 840 1508 904 illi:
1546 841 1661 924 diliges

359 940 536 1018 proximum
560 943 651 1000 tuum
675 938 814 1002 sicutte
837 939 951 1019 ipsum.
992 940 1097 1004 liuius
1122 949 1227 1006 autern
1252 941 1365 1008 horum
1388 945 1574 1010 mandatum
1599 965 1660 1009 non

360 1049 418 1106 est.
443 1043 494 1106 32.
519 1041 620 1106 Etait
642 1041 689 1106 illi
712 1044 835 1106 scriba:
860 1045 1085 1119 benedixisti,
1112 1045 1273 1128 magister,
1310 1049 1342 1111 iu
1367 1047 1547 1126 ueritatem,
1575 1051 1660 1129 quod

361 1166 444 1211 uirus
468 1147 556 1223 deus,
590 1164 649 1210 uec
673 1151 722 1211 est
744 1146 827 1211 alius
861 1158 991 1228 praeter
1022 1149 1120 1225 illum,
1156 1152 1207 1216 33.
1237 1152 1283 1214 ita
1314 1151 1495 1233 diligendus
1529 1171 1570 1216 en
1591 1159 1661 1216 toto

360 1253 457 1314 olorda
480 1264 513 1313 et
536 1269 575 1312 ex
597 1252 676 1314 totis
713 1250 846 1332 uiribus,
870 1271 911 1316 ex
933 1261 966 1316 et
1000 1259 1067 1317 tota
1097 1255 1211 1334 aniana,
1246 1261 1279 1318 ot
1314 1254 1447 1335 diligero
1481 1257 1661 1336 proximum

360 1365 520 1435 tamquam
545 1373 580 1419 se
604 1356 718 1433 ipsum,
754 1353 814 1418 hoc
837 1357 939 1420 maius
963 1365 1013 1420 est
1035 1357 1181 1422 omnibus
1214 1375 1307 1440 quam
1332 1359 1605 1426 holocaustomata
1627 1370 1662 1426 et

360 1457 528 1523 sacrificia.
552 1460 604 1523 34.
629 1457 752 1522 Uidons
775 1465 882 1524 autern
905 1460 1013 1541 desuS,
1039 1463 1123 1541 quud
1146 1463 1311 1544 sapienter
1326 1463 1554 1544 respondisset,
1578 1467 1661 1531 dixit

359 1565 425 1629 illi:
451 1582 513 1628 uon
536 1583 571 1628 cs
595 1565 687 1644 longe
711 1581 730 1626 a
753 1582 852 1644 reguo
876 1565 937 1628 dei.
963 1565 1005 1628 Et
1022 1583 1112 1629 uerno
1130 1567 1193 1629 iam
1210 1567 1350 1632 audebat
1371 1587 1443 1634 eum
1460 1570 1660 1650 interrogare

361 1672 538 1753 (puicquam.
562 1671 616 1734 35.
639 1670 683 1732 Et
705 1670 903 1750 respondens
926 1670 1022 1734 desus
1046 1671 1164 1734 docens
1186 1671 1220 1734 iu
1242 1673 1361 1754 templo
1377 1674 1474 1740 dixit:
1499 1675 1657 1756 quoruodo

358 1777 469 1842 dicunt
491 1775 616 1839 scribae
639 1773 802 1838 Christum
826 1791 899 1838 esse
921 1773 1021 1840 filiuni
1046 1774 1176 1838 Dauid?
1211 1778 1263 1842 36.
1288 1777 1362 1858 lpse
1385 1778 1468 1842 enirn
1494 1779 1598 1844 Dauid
1624 1780 1656 1844 in

356 1883 473 1962 spiritu
504 1888 614 1946 sancto
646 1881 740 1945 dicit:
778 1881 867 1944 Dixit
900 1881 1047 1945 dominus
1079 1883 1205 1946 domiuo
1237 1899 1325 1946 ineo:
1361 1880 1436 1946 sede
1470 1883 1511 1946 ad
1535 1884 1658 1948 dextris

354 1987 445 2065 meis,
481 1989 583 2051 donec
617 2005 732 2068 pouarn
768 1986 913 2050 inimicos
936 1993 1008 2049 tuos
1043 1986 1208 2050 scabillum
1234 1987 1348 2068 pedum
1372 1993 1509 2050 tuorum.
1544 1989 1596 2052 31.
1621 1987 1655 2053 Si

356 2111 433 2172 ergo
457 2090 562 2156 Dauid
586 2091 665 2155 dicit
689 2111 761 2156 euru
784 2089 959 2172 dominum,
994 2091 1152 2170 quomodo
1186 2089 1271 2156 lilius
1301 2096 1370 2155 eins
1393 2091 1467 2155 cst?
1500 2096 1532 2154 et
1556 2093 1658 2156 multa

354 2196 450 2260 turba
473 2196 608 2259 licenter
630 2215 702 2258 euin
727 2195 910 2259 audiebant.
934 2197 985 2260 38.
1011 2195 1061 2258 Ad
1085 2193 1138 2258 ille
1162 2196 1281 2260 docens
1297 2195 1426 2259 dicebat
1440 2195 1504 2261 eis:
1530 2195 1648 2262 Uidete

354 2301 396 2366 ab
417 2301 531 2364 scribis
554 2301 609 2380 qui
634 2299 747 2364 uolunt
768 2300 933 2364 ambulare
956 2300 987 2364 in
1012 2299 1104 2362 stolis
1128 2305 1162 2362 et
1185 2298 1395 2364 salutationes
1426 2299 1459 2363 in
1482 2299 1562 2379 loro,
1596 2304 1651 2366 39.

354 2411 388 2468 et
409 2406 442 2469 in
465 2405 577 2487 primis
608 2403 770 2469 cathedris
800 2405 913 2468 sedere
944 2406 974 2467 in
1006 2406 1177 2484 synagogis
1209 2411 1242 2468 et
1276 2405 1394 2484 primos
1417 2404 1596 2469 discubitus
1619 2405 1653 2470 iu

356 2509 523 2585 conuiuiis,
544 2512 595 2574 40.
620 2511 674 2589 qui
692 2509 847 2573 donarant
863 2527 977 2589 panem
995 2508 1165 2573 uiduarum
1182 2518 1215 2572 et
1230 2508 1425 2590 pupillorum
1442 2507 1501 2572 sub
1517 2517 1652 2590 optentu

356 2613 498 2693 prolixae
520 2613 689 2691 orationis3
724 2630 833 2676 ornnes
850 2612 903 2677 isti
926 2612 1085 2694 accipient
1119 2612 1272 2694 prolixius
1296 2613 1455 2678 iudiciuin.
1479 2616 1531 2678 41.
1555 2613 1654 2680 lesus

350 2723 456 2782 autem
479 2717 595 2781 sedens
608 2723 718 2782 contra
740 2716 973 2799 gaiolylacium,
991 2717 1180 2798 aspiciebat,
1197 2723 1338 2798 quantae
1353 2719 1467 2782 turbae
1484 2717 1647 2784 iactabant

352 2841 406 2887 aes
431 2822 461 2884 iu
483 2821 707 2906 gaiofylacinm
724 2821 864 2886 etmulti
880 2822 1001 2885 diuites
1019 2822 1181 2886 iactabant
1198 2822 1307 2887 multa.
1332 2825 1385 2886 42.
1411 2821 1490 2886 Cum
1508 2825 1654 2886 uenisset

353 2934 460 2992 antem
484 2946 549 2993 uua
573 2928 680 3002 uidua,
703 2928 791 2992 misit
813 2946 891 2991 acra
915 2928 1037 2991 minuta
1060 2928 1133 3003 duo,
1157 2928 1242 3009 quod
1266 2934 1316 2992 est
1339 2928 1518 3008 quadrans;
1540 2929 1593 2992 43.
1619 2937 1653 2993 et

352 3051 533 3098 conuocans
556 3034 730 3113 discipulos
754 3051 840 3108 suos,
864 3034 910 3096 ait
934 3032 1015 3097 illis:
1042 3032 1140 3095 Amen
1165 3032 1237 3096 dico
1263 3032 1525 3111 uobisquonianr
1551 3032 1651 3096 uidua

352 3157 454 3221 egena
476 3140 556 3202 baec
578 3137 650 3219 plns
672 3138 819 3202 ornantibus
842 3138 930 3201 misit
955 3140 985 3201 in
1010 3136 1197 3218 gaioiylacio
1221 3154 1352 3217 launum
1375 3137 1427 3201 44.
1452 3154 1523 3201 num
1540 3154 1650 3201 omnes

351 3264 390 3308 ex
412 3262 460 3319 eo,
495 3242 581 3322 qnod
610 3241 793 3306 abundabat
826 3241 900 3321 illis,
937 3244 1112 3321 miserunt,
1147 3242 1226 3305 haec
1249 3259 1327 3305 uero
1350 3241 1391 3305 de
1416 3241 1559 3323 pecuniis
1582 3243 1649 3305 suia

349 3350 455 3411 omnia
479 3365 561 3428 quae
584 3346 707 3429 babuit,
731 3347 829 3421 misit,
854 3346 885 3411 id
911 3355 960 3413 cst
984 3366 1112 3412 onlnem
1136 3350 1254 3411 uictum
1280 3365 1385 3411 sutrin.

455 3553 556 3620 xlll.
585 3561 611 3617 l.
628 3555 672 3619 Et
688 3572 759 3618 cum
775 3554 981 3635 egrederetur
997 3557 1037 3619 dc
1054 3554 1180 3635 templo,
1196 3555 1243 3619 ait
1258 3554 1305 3620 illi
1326 3574 1407 3621 uuus
1423 3576 1460 3620 ex
1478 3555 1647 3637 discipulis

350 3663 435 3727 eius:
468 3660 633 3743 Magister,
665 3661 775 3740 aspice
805 3660 915 3741 quales
951 3660 1074 3742 lapides
1098 3668 1131 3725 et
1153 3659 1257 3740 qualis
1280 3664 1445 3726 structura
1467 3660 1587 3741 templi.
1613 3664 1642 3725 2.

349 3766 393 3829 Et
415 3767 621 3848 respondens,
646 3766 693 3829 ait
717 3764 799 3830 illia:
834 3784 937 3831 noune
960 3766 1079 3831 uidetis
1102 3767 1206 3830 omnia
1230 3765 1308 3830 haec
1338 3784 1452 3847 inagna
1475 3762 1645 3831 aedilicia?

347 3872 535 3935 amen-dico
558 3869 658 3949 uobis,
690 3871 766 3951 quia
789 3889 850 3935 uon
873 3870 1074 3953 relinquetur
1103 3870 1155 3934 bio
1179 3870 1259 3951 lapis
1281 3889 1378 3953 super
1406 3870 1556 3953 lapidem,
1588 3872 1645 3951 qui

348 3994 410 4039 nou
436 3976 630 4051 destruatur,
667 3982 700 4040 et
725 3976 756 4039 iu
779 3977 887 4040 triduo
918 3975 997 4039 aliut
1020 3977 1231 4040 resuscitetur
1264 3979 1333 4043 siue
1355 3976 1511 4043 manibus,
1545 3977 1575 4039 3.
1600 3976 1645 4040 Et

346 4099 417 4145 cum
439 4080 567 4146 sederet
589 4082 623 4144 iu
644 4091 783 4145 moralem
817 4080 941 4145 Oliueti
971 4086 1081 4144 contra
1103 4080 1266 4161 ternplum,
1296 4082 1537 4162 interrogabant
1569 4098 1643 4145 euru

345 4204 489 4250 scorsum
513 4186 627 4250 Petrus
650 4195 684 4249 et
705 4185 847 4251 Jacobus
870 4192 903 4250 et
925 4184 1090 4249 lohannes
1113 4191 1146 4249 et
1169 4186 1312 4249 Andreas
1336 4187 1498 4251 dicentes:
1534 4187 1565 4251 4.
1589 4187 1643 4251 dic

345 4289 446 4368 nobis,
469 4290 596 4371 quaudo
618 4290 682 4354 ista
704 4289 814 4378 liant?¹
829 4296 863 4355 et
883 4291 969 4372 quod
993 4292 1119 4371 signum
1141 4292 1212 4372 erit,
1246 4310 1316 4355 cum
1339 4290 1544 4357 haecomnia
1567 4309 1641 4356 cou-

342 4395 604 4461 summabnntnr?
627 4397 656 4461 b.
682 4397 725 4460 ru
748 4397 945 4476 respondeus
967 4396 1065 4461 Jesus
1088 4398 1195 4477 coepit
1218 4396 1323 4461 dicere
1343 4396 1425 4461 illis:
1450 4392 1576 4469 Uidete,
1600 4416 1643 4461 ne

340 4502 412 4580 quis
438 4518 493 4564 uos
518 4502 668 4580 seducat3
703 4505 732 4567 6.
759 4500 854 4565 Multi
884 4502 967 4565 enirn
999 4502 1131 4566 uenient
1162 4503 1195 4566 iu
1225 4502 1353 4567 norriiue
1382 4501 1637 4565 mendicantes:

341 4622 401 4685 ego
426 4604 584 4689 Christus,
622 4612 656 4671 et
676 4607 794 4671 multos
828 4606 993 4671 seducent.
1033 4605 1113 4671 Cum
1146 4612 1252 4673 autem
1288 4606 1455 4671 audieritis
1490 4606 1576 4670 bella
1606 4612 1640 4669 et

342 4710 510 4790 opiniones
534 4712 698 4788 bellorum,
722 4732 762 4775 ne
776 4713 965 4789 timueritis3
989 4716 1118 4793 oportet
1133 4712 1216 4777 enirn
1232 4712 1310 4775 baec
1324 4708 1401 4789 fieri,
1424 4712 1482 4777 aad
1498 4712 1638 4777 nondum

345 4822 395 4879 est
416 4814 497 4882 finis.
532 4819 561 4881 8.
588 4816 734 4899 Exur·get
765 4823 872 4883 autem
906 4819 984 4899 geris
1016 4826 1126 4885 contra
1148 4826 1283 4900 gentem,
1317 4824 1350 4883 et
1373 4836 1503 4899 reguum
1527 4826 1640 4887 contra
